3476 5256
268 409 309 470 68
727 425 851 473 σαυππε
873 425 1031 471 rrnmrrns

266 587 511 662 constructionis
544 591 664 649 certum
702 586 884 670 exemplum
916 585 1080 649 attulisset.
1136 585 1175 646 In
1207 585 1366 649 sententia
1397 603 1493 668 nega-

266 676 331 738 tiva
362 674 398 738 τὸ
429 675 475 758 μὴ
509 675 548 738 οὗ
581 680 636 738 aut
666 675 712 758 μὴ
747 675 786 738 οὔ
815 693 939 758 semper
969 674 1156 756 requiritur,
1190 692 1256 736 non
1283 673 1318 737 τὸ
1346 675 1401 756 μή.
1441 672 1493 737 Sic

265 765 340 827 Ant.
357 765 431 827 443.
454 765 536 827 κούκ
553 764 757 847 ἀπαρνοῦμαι
776 763 812 827 τὸ
827 765 873 847 μή
890 764 918 842 (l.
933 761 969 826 τὸ
983 763 1029 846 μὴ
1047 763 1097 845 οὐ)
1114 801 1170 823 -.
1194 761 1492 846 irrumpatur&

266 853 326 936 γὰρ
358 853 446 936 τῆσδ’
480 854 519 916 οὗ
551 855 737 936 προτιμήσω
769 852 871 917 κακὸν
892 853 896 936 Ι
920 852 955 916 τὸ
982 852 1028 935 μὴ
1057 853 1096 916 οὐ
1124 857 1297 934 παρασχεῖν
1325 857 1382 917 otc.
1419 853 1491 914 685.

265 943 326 1006 οὸκ
359 943 398 1005 ἀν
425 941 495 1006 ποτ’
523 943 617 1025 ἔσχον
647 943 693 1026 μὴ
727 943 766 1006 οὐ
799 942 859 1025 (μὴ
889 942 985 1026 vulg.)
1016 940 1084 1005 τάδ’
1118 942 1248 1015 ἐξειπεῖν
1279 942 1379 1023 πατρί.
1413 941 1491 1005 Plat.

264 1030 358 1116 Resp.
382 1031 406 1094 Ι.
432 1033 496 1095 354
510 1031 548 1096 D.
577 1033 637 1096 οὐκ
665 1032 852 1114 ἀπεσχόμην
874 1031 910 1095 τὸ
932 1031 977 1114 μὴ
1002 1031 1062 1094 οὔκ
1086 1030 1251 1094 ἐπὶτοῦτο
1274 1030 1384 1094 ἐλθεῖν.
1408 1029 1491 1094 Xon.

266 1119 337 1202 Gyr.
361 1120 385 1183 I.
411 1121 438 1184 6.
464 1124 514 1184 32.
538 1122 599 1185 οὐκ
623 1121 788 1204 ἀπείχοντο
816 1120 881 1184 ἀπὸ
904 1125 968 1184 τῶν
991 1121 1094 1202 φίλων
1115 1118 1151 1183 τὸ
1173 1119 1219 1202 μὴ
1244 1120 1316 1202 οάχί
1343 1121 1491 1183 πλεονεκ-

264 1217 324 1273 τεῖν
360 1213 435 1292 παρ’
473 1212 586 1274 αὸτῶν.
631 1210 675 1274 cf.
704 1211 743 1274 ad
771 1210 879 1273 Trach.
909 1210 960 1272 90.
989 1209 1063 1272 226.
1096 1209 1146 1292 Aj.
1172 1210 1244 1272 728.
1283 1207 1345 1272 Sed
1377 1209 1491 1273 Aesch.

264 1299 369 1363 Prom.
393 1301 466 1362 235.
500 1300 697 1383 ἒξερυσάμην
728 1297 864 1382 βροτοὺς
885 1295 889 1382 l
909 1297 945 1362 τὸ
967 1298 1012 1381 μὴ
1039 1299 1298 1380 διαρραισθέντας
1321 1299 1363 1368 είς
1383 1297 1491 1361 Ἅιδου

263 1389 379 1471 μολεῖν.
405 1390 477 1452 890.
501 1390 577 1471 μίαν
601 1389 635 1452 δὲ
658 1389 784 1452 παίδων
808 1390 917 1471 ἵμερος
934 1388 1038 1460 θέλξει
1053 1386 1088 1450 τὸ
1103 1387 1148 1470 μὴ
1171 1389 1174 1471 l
1195 1393 1310 1451 κτεῖναι
1333 1387 1491 1461 ξόνευνον.

265 1476 324 1553 Qu.
347 1477 382 1541 τὸ
405 1478 450 1561 μὴ
475 1478 546 1561 οὐχί
569 1480 695 1562 κλῇσαι,
724 1484 780 1541 aut
801 1477 837 1542 τὸ
860 1477 905 1560 μὴ
931 1478 970 1540 οὗ
994 1479 1159 1558 συνεῖρξαι,
1184 1475 1296 1540 autad
1319 1476 1364 1558 μὴ
1390 1478 1428 1541 οὔ
1451 1501 1492 1558 με

264 1568 384 1651 κλῇσαι.
409 1567 457 1650 Aj.
483 1569 533 1631 96.
557 1566 632 1631 Ειιι.
649 1569 718 1631 Alc.
736 1568 808 1630 705.
828 1565 866 1630 σὺ
884 1572 962 1647 γοῦν
985 1566 1124 1636 ἀναιδῶς
1148 1566 1301 1648 διεμάχου
1317 1565 1412 1648 τὸμὴ
1430 1566 1490 1628 θα-

263 1664 334 1721 νεῖν.
362 1656 458 1720 Thuc.
475 1656 532 1719 ΙΙΙ.
551 1659 578 1720 1.
602 1655 655 1720 τὸν
678 1657 820 1720 πλεῖστον
844 1656 956 1738 ὅμιλον
978 1661 1043 1719 τῶν
1065 1656 1170 1737 φιλῶν
1194 1653 1298 1738 εἶργον
1320 1654 1355 1718 τὸ
1378 1655 1423 1738 μὴ
1449 1693 1490 1701 -

262 1745 300 1808 τὸ
328 1745 421 1828 ε’γγὸς
447 1753 502 1829 τῆς
528 1747 653 1816 πόλεως
680 1751 879 1828 κακουργεῖν.
908 1745 946 1808 V.
972 1747 1023 1808 25.
1052 1745 1227 1827 ἀπέσχοντο
1253 1745 1299 1828 μὴ
1324 1745 1358 1825 (1.
1378 1744 1491 1827 τὸμὴ)

264 1835 314 1898 ἐπὶ
336 1836 392 1919 τὴν
415 1837 575 1918 ἑκατέρων
597 1837 709 1918 χώραν
732 1835 914 1918 στρατεύειν.
947 1834 1026 1898 Plat.
1050 1834 1167 1898 Phaed.
1195 1834 1255 1896 117
1269 1832 1307 1896 D.
1330 1835 1410 1904 τέως
1432 1833 1492 1916 μὲν

264 1963 305 1973 -—
335 1925 398 2008 οίί
428 1949 460 1988 τε
492 1924 573 2008 ἦσαν
609 1926 749 2008 κατέχειν
780 1924 815 1988 τὸ
843 1925 888 2007 μὴ
925 1924 1081 2006 δακρύειν.
1116 1922 1199 1989 Xen.
1229 1923 1331 1986 Anab.
1359 1923 1383 1986 Ι.
1409 1925 1437 1984 2.
1462 1923 1490 1985 3.

262 2013 378 2098 μικρὸν
401 2015 533 2096 ἐξέφυγε
555 2020 611 2078 τοῦ
638 2014 684 2097 μὴ
709 2015 739 2096 (l.
762 2013 797 2077 τὸ
819 2014 877 2096 μὴ)
900 2014 1193 2096 καταπετρωθῆναι.
1217 2012 1334 2076 Herod.
1354 2011 1392 2074 V.
1419 2012 1490 2075 101.

262 2103 297 2167 τὸ
320 2104 365 2186 μὴ
389 2105 576 2187 λεηλατῆσαί
596 2105 697 2187 σφέας
720 2105 791 2186 ἔσχε
813 2103 893 2167 τόδε.

354 2212 448 2274 1389.
471 2210 491 2294 ἦ
515 2211 611 2275 Dind.
635 2209 674 2294 ἦν
697 2211 783 2294 vulg.
807 2209 841 2273 L.

354 2301 448 2364 1390.
473 2299 580 2385 οἰκεῖν]
604 2300 723 2364 Forsan
747 2301 835 2383 ἔχειν.

354 2391 448 2454 1393.
471 2389 511 2473 ἦν
534 2390 619 2473 vulg.
643 2388 676 2452 L.
700 2388 720 2472 ἦ
744 2389 853 2453 Elmsl.
877 2388 972 2453 Dind.
996 2387 1101 2453 Hcrw.

354 2480 448 2542 1395.
473 2477 535 2562 ἀρα
559 2480 590 2543 Τ.
614 2479 676 2562 ἀρα
701 2479 739 2541 A.
766 2479 799 2543 B.

353 2570 447 2632 1396.
472 2567 529 2644 Qu.
558 2569 650 2639 ἕλκος
677 2573 790 2632 κακῶν
818 2571 889 2648 (aut
916 2569 1042 2648 κακῶς)
1071 2567 1221 2639 ὕπουλον,
1254 2571 1309 2630 aut
1340 2567 1432 2636 ἕλκος
1460 2566 1488 2648 γ’

262 2659 370 2741 ἔχονθ’
393 2659 543 2721 ὕπουλον.
582 2659 688 2741 Aegre
712 2658 902 2722 crediderim
925 2677 1038 2722 verum
1060 2675 1129 2721 esse
1153 2655 1275 2725 κάλλος.

353 2767 447 2828 1397.
472 2764 660 2850 suspectant
686 2765 775 2828 Hart.
804 2766 910 2829 Herw.
935 2763 1055 2828 Wecll.
1094 2763 1162 2826 Vix
1190 2763 1228 2826 de
1251 2781 1285 2827 se
1308 2763 1377 2846 ipso
1400 2762 1489 2845 loqui

261 2860 367 2939 posset
391 2854 544 2939 Oedipus,
571 2856 636 2919 nisi
663 2854 793 2937 quidem
821 2859 933 2917 κακῶν
961 2859 1084 2917 tantum
1112 2853 1153 2916 ad
1175 2853 1336 2917 Jocastam
1359 2856 1488 2935 spectat,
1531 2855 1535 2864 '

263 2964 358 3027 quae,
381 2950 417 3008 ut
440 2945 508 3029 ipse
532 2944 688 3028 Oedipus,
711 2944 795 3026 κακὴ
821 2948 900 3027 erat,
925 2943 1071 3026 quamvis
1094 2943 1227 3006 ἄκουσα.

352 3053 446 3115 1400.
470 3055 506 3115 αἲ
517 3051 637 3133 τούμὸν
653 3050 742 3136 αἷμα]
756 3053 792 3113 αἳ
802 3049 922 3132 πατρὸς
933 3088 974 3096 -
986 3049 1077 3113 ἔπλετ’
1088 3048 1221 3132 ἐρεμνὸν
1231 3048 1264 3112 F.
1275 3048 1325 3112 W.
1338 3046 1489 3112 Schmidt.

261 3144 297 3204 αἳ
315 3141 440 3224 θερμὸν
463 3141 540 3223 αἷμα
570 3142 604 3222 (i.
622 3160 646 3204 e.
671 3159 804 3204 recens
827 3139 1008 3219 effusum)
1036 3139 1170 3203 feliciter
1192 3138 1308 3221 Hervr,
1332 3137 1402 3201 coll.
1427 3135 1488 3201 Oc.

262 3231 334 3294 622.
358 3229 482 3313 θερμὸν
506 3231 583 3312 αἷμα
607 3231 713 3294 πίεται.
737 3230 832 3294 Hom.
856 3230 892 3293 ll.
919 3230 968 3311 11,
988 3230 1062 3291 477.
1087 3227 1193 3304 Quint.
1218 3226 1343 3310 Smyrn.
1367 3226 1391 3289 I.
1417 3228 1489 3290 387.

260 3320 353 3384 Adde
368 3319 442 3384 Eur.
459 3318 552 3383 Rhes.
571 3320 642 3383 790.
666 3318 789 3402 θερμὸς
812 3317 1007 3401 κρουνὸς-
1024 3319 1156 3400 αἵματος
1175 3318 1257 3380 νέου.
1289 3316 1399 3399 Recte,
1424 3316 1490 3399 opi-

261 3429 332 3473 nor:
356 3429 445 3492 nam,
474 3414 510 3473 ut
532 3408 614 3473 bene
637 3409 799 3490 admonet,
826 3407 946 3490 τούμὸν
974 3408 1052 3489 αἷμα
1076 3406 1195 3490 πατρὸς
1218 3407 1276 3469 vix
1308 3404 1490 3469 confirmari

260 3504 363 3582 potest
400 3498 544 3562 Electrae
572 3518 601 3560 v,
628 3499 722 3561 1382.
754 3497 874 3580 τούμὸν
911 3502 1041 3580 φρενῶν
1073 3498 1206 3580 ὄνειρον,
1245 3496 1379 3576 aliisquo
1411 3495 1489 3558 locis

260 3588 419 3652 similibus
443 3608 461 3651 a
483 3586 642 3651 Lobeclrio
667 3588 706 3650 ad
730 3588 817 3671 Ajac.
833 3607 862 3650 τ.
881 3589 908 3649 7.
933 3587 1083 3650 collectis.
1122 3587 1160 3650 In
1184 3586 1253 3648 loco
1277 3585 1372 3648 modo
1396 3583 1489 3648 allato

260 3682 292 3742 et
323 3677 443 3760 τούμὸν
475 3682 507 3742 et
538 3682 667 3760 φρενῶν
695 3676 736 3739 ad
767 3695 866 3741 unam
894 3676 1093 3759 eandemque
1120 3694 1287 3760 personam
1320 3675 1488 3757 pertinent,

260 3767 313 3831 hic
329 3787 404 3832 vero
419 3765 540 3849 τούμὸν
556 3771 587 3830 et
601 3765 721 3848 πατρὸς
742 3767 782 3830 ad
798 3766 939 3830 diversas
955 3784 1107 3849 personas
1124 3769 1273 3849 spectant.
1315 3761 1373 3838 ou.
1398 3763 1489 3844 αἵπερ

258 3857 328 3919 τόθ’
352 3857 430 3939 αἷμα
457 3876 511 3930 —·‚
536 3860 590 3919 aut
613 3858 649 3918 σί
670 3855 743 3938 ’μσῦ
767 3855 837 3919 τόθ’
862 3855 939 3937 αἷμα
966 3893 1019 3916 -.

352 3964 444 4027 1401.
470 3961 527 4039 Qu.
544 3961 606 4046 ἆρα
621 3963 667 4046 μὴ
683 3962 845 4046 μέμνησθ’
862 3963 911 4026 ἔτι.
950 3963 998 4026 Ita
1014 3963 1109 4026 etiam
1124 3960 1219 4024 Dind.
1235 3960 1357 4025 Heims
1373 3980 1402 4043 p.
1414 3960 1488 4022 212.

258 4053 366 4117 Herw.
390 4051 448 4135 (De
472 4051 534 4134 ἄρα
557 4052 602 4135 μὴ
628 4053 664 4116 cf.
682 4053 757 4116 Ant.
775 4054 858 4133 632.)
886 4053 954 4115 Aut
976 4050 1039 4134 ἀρά
1063 4074 1126 4114 που
1143 4088 1198 4111 -.
1278 4050 1325 4112 ὅτι
1348 4049 1386 4112 A.
1403 4049 1439 4112 B.
1455 4049 1487 4111 Τ.

259 4141 305 4205 ότι
322 4144 379 4224 (γρ.
404 4141 478 4206 ὅταν
494 4141 532 4204 ab
550 4141 590 4222 S.)
615 4140 648 4204 L.
687 4139 730 4204 Of.
747 4142 843 4205 Arist.
861 4141 945 4204 Eccl.
962 4142 1014 4202 22.
1038 4143 1076 4210 ἃς
1097 4138 1291 4221 Φυρόμαχός
1307 4137 1376 4201 ποτ’
1394 4136 1487 4210 εἶπεν,

259 4231 288 4294 εἰ
307 4232 467 4314 μέμνησθ’
492 4232 542 4294 ἔτι.
566 4230 684 4294 Herod.
709 4229 732 4292 I.
759 4232 808 4293 36.
833 4229 947 4299 παιδὸς
971 4265 1012 4274 -
1037 4229 1109 4311 περὶ
1126 4265 1167 4274 -
1182 4227 1228 4310 μὴ
1253 4227 1417 4309 μνησθῆτε
1437 4228 1487 4289 ἔτι.

350 4338 443 4401 1402.
467 4337 541 4420 ὑμίν
564 4340 602 4402 Α.
627 4338 701 4420 ὑμῖν
724 4337 760 4400 Β.
785 4335 859 4419 ὗμιν
881 4335 915 4400 L.
939 4356 985 4420 pr.

350 4428 443 4490 1405.
466 4426 579 4508 ταυτὸν
595 4428 633 4490 A.
650 4426 685 4489 B.
709 4426 829 4508 τούμὸν
844 4427 961 4489 frustra
977 4424 1097 4488 Nauck.
1122 4423 1213 4487 ἀνεῖτ’
1235 4424 1365 4506 ἄτλητον
1380 4422 1486 4486 Herw.

249 4515 328 4580 coll.
353 4517 425 4580 792.
466 4516 523 4594 Qu.
547 4516 657 4579 καινὸν
681 4521 736 4580 aut
760 4515 870 4590 δεινὸν,
896 4521 951 4579 aut
973 4515 1079 4598 potius
1103 4513 1195 4576 ἀνεῖτ’
1219 4514 1364 4595 ἄναγνον.
