3476 5256
394 526 413 588 2
850 541 975 586 οεοιεσε
998 541 1156 586 mannus

394 701 557 770 δείσαντες.
605 700 648 765 Of.
673 700 784 764 Aesoh.
801 699 850 763 Fr.
868 702 941 762 220.
963 701 1094 764 δστεκτα
1119 701 1280 783 Ιᾶστερκτα
1305 701 1363 778 at).
1401 699 1474 764 Hoc
1496 703 1612 783 quaerit

394 789 548 875 OedipuS,
578 791 752 855 ‘nietumne
776 797 918 856 vestrum
935 809 983 862 an
1003 789 1203 854 ,desiderium
1232 790 1354 872 aliqtrid
1382 791 1611 855 communicare

393 899 519 945 mecum
537 879 670 944 vultis?
706 877 840 960 (0100.
863 879 957 944 1094.
980 879 1033 941 καλ
1055 877 1110 942 τὸν
1133 879 1287 960 ἀγρευτὰν
1306 878 1450 942 Ἀπόλλω
1472 881 1476 958 Ι
1497 881 1611 962 στέργω

395 1007 436 1016 -
452 971 561 1052 μολεῖν
577 973 655 1048 ete).
687 967 745 1042 Qu.
765 971 784 1052 ἢ
804 965 994 1042 ’ξαιτοῦντές
1072 968 1119 1037 ὡς
1137 969 1286 1038 θέλοντος
1302 970 1341 1030 ἂν
1362 969 1366 1051 Ι
1387 967 1479 1052 ἐμοῦ]
1497 967 1555 1043 Qu.
1571 970 1613 1039 ὡς

393 1059 522 1140 θέλοιμί
543 1057 571 1140 γ’
595 1061 634 1120 ἂν
655 1057 659 1140 Ι
679 1057 743 1139 ἐγὼ
768 1095 823 1118 -.
870 1057 914 1120 01.
940 1058 1012 1120 145.

486 1149 534 1210 12.
568 1145 776 1230 δυσάλγητσς]
810 1144 867 1221 Qu.
904 1146 1085 1228 ἀνάλγητος.
1141 1145 1185 1209 Of.
1214 1146 1263 1229 Aj.
1294 1146 1387 1209 1333.
1426 1147 1612 1230 ἀναλγήτως.

437 1237 541 1301 Facile
560 1243 631 1320 post
645 1242 709 1299 πᾶν
733 1234 880 1300 excidere
903 1236 1005 1318 potnit
1028 1236 1066 1298 ἀν
1084 1271 1136 1295 -.
1175 1233 1305 1298 Frustra
1328 1235 1489 1319 vulgatam
1512 1243 1614 1300 tuetur

393 1325 502 1408 Dina,
526 1326 703 1408 negationis
723 1326 886 1388 notionem
903 1325 1057 1406 adjectivo
1074 1323 1268 1408 δυσάλγητος
1282 1324 1387 1389 inesse
1402 1339 1502 1406 ratur,
1526 1328 1614 1407 quasi

394 1417 453 1478 οὐκ
478 1416 657 1498 οἰκτίρμων.
704 1414 850 1478 Conferri
873 1432 939 1476 11011
963 1412 1079 1478 debent
1102 1410 1164 1475 OR.
1190 1415 1264 1476 221.
1289 1411 1348 1477 OC.
1367 1415 1439 1477 360.
1463 1416 1512 1498 Aj.
1535 1417 1614 1499 546,

393 1506 428 1568 in
452 1504 568 1587 quibus
591 1505 668 1567 loeis
692 1510 747 1568 aut
769 1523 850 1587 pura
872 1503 997 1585 negatio
1021 1509 1076 1566 ant
1099 1502 1301 1586 interrogatio
1325 1505 1415 1566 inest

485 1595 534 1658 13.
559 1593 658 1676 ἱερεὺς
681 1594 858 1675 πρεσβύτης
882 1592 949 1661 διὸς
964 1593 1058 1674 praef.
1073 1593 1108 1654 in
1124 1590 1156 1654 L.
1235 1593 1273 1654 οὐ
1296 1612 1355 1656 0111.
1376 1595 1414 1657 A.
1438 1593 1475 1656 B.
1500 1593 1568 1656 add.
1583 1595 1614 1656 Τ.

393 1682 439 1765 μὴ
464 1683 548 1764 Aug.
566 1682 594 1743 6.
618 1680 706 1766 prob.
729 1681 838 1746 Elmsl.
863 1681 1113 1745 coll.221.283.
1132 1681 1226 1744 1065.
1246 1682 1339 1745 1091.
1358 1682 1452 1744 1232.
1476 1683 1526 1764 Aj.
1544 1685 1613 1747 540.

394 1772 508 1835 Aesch.
532 1771 637 1835 Proin.
663 1772 735 1834 628.
759 1770 834 1834 Eur.
857 1771 925 1833 Tro.
952 1771 1023 1832 702.
1061 1770 1106 1852 μὴ
1131 1773 1197 1853 (pro
1220 1771 1266 1853 μὴ
1291 1771 1341 1852 οὐ)
1369 1772 1463 1834 etiam
1493 1770 1615 1852 Margo-

392 1861 495 1924 liouth
519 1859 608 1924 Stud.
633 1859 723 1923 Scen.
747 1880 775 1942 p.
794 1861 843 1922 36.
882 1857 988 1922 Recte.
1027 1858 1071 1922 Cf.
1097 1861 1146 1922 77.
1170 1859 1271 1930 κακὸς
1291 1858 1295 1942 Ι
1314 1859 1359 1942 μὴ
1386 1861 1474 1943 δρῶν
1497 1863 1537 1924 ἂν
1552 1863 1615 1944 εἴην

392 1950 490 2030 πάνθ’
510 1948 558 2012 δσ’
582 1951 622 2012 ἂν
638 1950 731 2031 δηλοῖ
750 1950 834 2019 θεός.
861 1950 955 2012 1158.
972 1945 1038 2012 ἀλλ’
1061 1949 1093 2018 ἐς
1115 1948 1180 2011 τόδ’
1200 1950 1284 2031 ἥξεις
1298 1949 1343 2031 μὴ
1360 1950 1462 2031 λέγων
1478 1974 1512 2032 γε
1526 1953 1614 2014 τούν-

395 2039 493 2102 δικον.
530 2039 637 2104 1456,
654 2039 692 2102 οὐ
716 2038 777 2120 γὰρ
801 2039 840 2101 ἄν
868 2062 943 2100 ποτε
965 2041 968 2120 Ι
989 2039 1143 2120 θνήσκων
1166 2039 1295 2121 ἐσώθην
1316 2039 1362 2120 μὴ
1390 2037 1435 2102 ’πί
1454 2063 1500 2120 τῳ
1524 2040 1616 2122 δεινῷ

392 2136 495 2210 κακῷ.
528 2128 575 2190 Tr.
601 2129 673 2190 592.
697 2127 767 2191 οὐδ’
792 2165 833 2176 -
859 2129 942 2210 ἔχοις
965 2129 1004 2190 ἂν
1032 2132 1144 2208 γνῶμα
1172 2127 1217 2210 μὴ
1246 2128 1436 2210 πειρωμένη.
1470 2131 1519 2211 Aj.
1545 2130 1615 2192 950.

393 2219 453 2282 οὐκ
477 2219 516 2280 ἂν
538 2215 606 2279 τάδ’
630 2219 700 2299 ἔστη
724 2217 799 2299 τήδε
821 2216 866 2299 μὴ
891 2217 979 2280 θεῶν
1001 2217 1087 2299 μέτα.
1112 2214 1172 2279 06
1190 2217 1262 2280 360.
1286 2218 1399 2280 Aeseh.
1422 2217 1526 2280 Proin.
1544 2220 1616 2282 504.

393 2306 532 2378 οὐδεὶς,
556 2306 633 2388 σάφ’
658 2305 742 2378 οῖδα,
766 2305 815 2388 μὴ
839 2307 942 2388 μάτην
957 2307 1073 2388 φλύσαι
1088 2305 1203 2369 θέλων.
1227 2305 1302 2368 Eur.
1318 2305 1412 2389 Hipp.
1432 2308 1525 2369 1331.
1542 2309 1616 2381 ἐπεὶ,

393 2393 469 2478 σάφ’
485 2396 564 2468 ἴσθι,
589 2394 678 2478 Ζῆνα
693 2394 738 2478 μὴ
757 2397 943 2478 φοβουμένη
966 2398 969 2479 Ι
992 2396 1051 2457 οὐκ
1067 2396 1106 2457 άν
1121 2394 1190 2458 ποτ’
1207 2394 1308 2477 ἦλθον
1324 2397 1367 2465 είς
1381 2395 1447 2459 τάδ’
1467 2397 1617 2480 αἰσχύνης

392 2485 464 2566 ἐγώ.
492 2484 567 2548 Her.
593 2486 665 2548 284.
688 2485 791 2567 ματὴν
815 2483 875 2567 γὰρ
898 2485 981 2566 ἥβην
1004 2482 1071 2548 ὧδέ
1094 2483 1122 2565 γ’
1145 2486 1186 2547 ἂν
1207 2485 1390 2567 κεκτήμεθα
1412 2483 1416 2570 Ι
1436 2485 1556 2568 πολλὴν
1583 2488 1616 2550 ἕν

386 2574 492 2655 Ἄργει
514 2575 560 2656 μη’
586 2598 621 2638 σε
643 2575 884 2657 τιμωρούμενοι.
909 2573 984 2636 Ε111.
1001 2573 1050 2636 Fr.
1068 2574 1141 2635 464.
1166 2575 1226 2636 οὐκ
1249 2576 1289 2637 ἂν
1313 2574 1424 2638 δύναιο
1438 2575 1483 2657 μὴ
1501 2576 1619 2658 καμὼν

392 2664 598 2746 εὐδαιμονεῖν.
631 2662 706 2726 Eur.
730 2663 776 2726 ΕΙ.
804 2665 874 2725 194.
900 2662 1004 2732 δοκεῖς
1029 2699 1070 2709 -
1097 2663 1146 2746 μὴ
1176 2668 1298 2746 τιμῶσα
1326 2662 1424 2733 θεοὺς
1451 2666 1619 2747 κρατήσειν

355 2813 358 2818 ,
394 2753 531 2835 ἐχθρῶν.
555 2751 762 2815 Ε1.976.και
785 2753 830 2834 μή
856 2752 883 2833 γ’
908 2751 1041 2833 ἀμύνων
1063 2752 1156 2834 πατρὶ
1180 2752 1335 2835 δυσσεβὴς
1351 2754 1419 2816 έσει.
1443 2752 1524 2816 Med.
1542 2755 1616 2816 239.

394 2842 444 2905 δεῖ
462 2843 573 2924 μάντιν
601 2840 676 2904 εἶναι
704 2841 748 2923 μὴ
773 2842 945 2922 μαθοῦσαν
973 2841 1111 2905 οἴκοθεν.
1146 2842 1219 2904 368.
1251 2842 1329 2905 Hec.
1356 2843 1427 2905 731.
1452 2844 1535 2905 ούτοι
1558 2844 1615 2905 πέ-

392 2955 480 3012 φυκα
503 2932 625 3012 μάντις,
650 2931 731 2993 ὥστε
753 2931 798 3012 μὴ
822 2930 932 2992 κλύων
952 2930 956 3012 Ι
978 2931 1172 3013 ἐξιστορῆσαι
1196 2936 1263 2995 σῶν
1287 2931 1365 2994 ὁδὸν
1379 2931 1617 3014 βουλευμάτων.

391 3022 487 3084 Arist.
508 3021 586 3083 Aah.
611 3019 684 3082 466.
714 3019 763 3082 δεῖ
782 3018 843 3100 γὰρ
866 3018 949 3092 ἑνδς,
975 3015 1013 3082 οὗ
1038 3019 1083 3102 μὴ
1112 3020 1218 3102 τυχὼν
1239 3019 1243 3104 Ι
1264 3020 1413 3084 ἀπόλωλ’.
1440 3021 1523 3085 Nub.
1542 3023 1619 3084 792.

392 3109 456 3173 ἀπὸ
490 3109 550 3191 γὰρ
580 3109 715 3190 ὀλοῦμαι
741 3108 786 3190 μὴ
814 3108 935 3190 μαθὼν
967 3110 1241 3192 γλωττοστροφεῖν.
1274 3109 1358 3172 Eool.
1384 3111 1456 3174 603.
1488 3111 1543 3173 καὶ
1569 3111 1618 3194 μὴ
1689 3163 1691 3166 .

391 3199 539 3268 καταθεὶς
562 3198 783 3280 ψευδορκήσει.
818 3197 863 3260 Ρ1.
890 3198 961 3260 139.
986 3197 1055 3261 οὐδ’
1084 3201 1123 3262 ἂν
1151 3199 1194 3269 εἷς
1216 3199 1342 3262 θύσειεν
1366 3237 1408 3246 -
1430 3199 1475 3281 μὴ
1499 3201 1620 3284 βουλο-

391 3289 490 3370 μένου
514 3294 581 3350 σοῦ.
612 3287 704 3350 Alex.
728 3306 807 3350 com.
831 3285 888 3349 ΙΠ.
913 3288 986 3349 428.
1011 3289 1049 3350 οὐ
1074 3287 1134 3370 γάρ
1158 3289 1197 3351 άν
1223 3312 1299 3352 ποτε
1320 3289 1324 3371 Ι
1344 3289 1510 3371 θοίμάτιον
1538 3290 1620 3353 ἀπε-

391 3379 534 3459 νέγκαιμι
556 3376 601 3458 μὴ
627 3377 731 3457 φύσας
753 3377 859 3457 πτερά.
888 3376 1018 3440 Philiso.
1040 3397 1117 3440 com.
1142 3376 1200 3440 HI.
1226 3379 1297 3440 580.
1322 3379 1382 3441 οὐκ
1410 3380 1489 3442 ἔστιν
1513 3415 1555 3425 -—-
1579 3379 1621 3441 τὰ

391 3472 456 3528 τῶν
483 3465 668 3529 πονούντων
695 3465 740 3547 μὴ
770 3466 968 3547 πονήσαντας
995 3467 1109 3549 λαβεῖν.
1142 3466 1275 3530 Philam.
1299 3467 1354 3530 IV.
1381 3470 1430 3531 30.
1459 3467 1524 3531 οὔτ’
1554 3470 1621 3549 (ἂν)

392 3554 473 3636 ἀνὴρ
496 3555 593 3636 πένης
617 3554 718 3636 γεγὼς
738 3554 741 3636 Ι
762 3555 807 3636 μὴ
833 3557 871 3618 ού
896 3557 969 3634 (imo
985 3557 1043 3638 μὴ)
1059 3557 1170 3638 τέχνην
1184 3557 1305 3638 μαθὼν
1322 3557 1437 3620 δύναιτ’
1454 3559 1493 3620 ἂν
1509 3557 1620 3639 άσφα-

391 3644 455 3713 λῶς
484 3645 541 3726 ζῆν
568 3643 622 3706 τὸν
649 3645 727 3727 βίον.
761 3643 850 3707 Dem.
877 3645 927 3726 39,
946 3647 996 3706 22.
1026 3646 1085 3707 οὐκ
1118 3647 1158 3708 ἂν
1190 3647 1316 3727 ε’ποίησε
1349 3646 1483 3728 δεκάτην
1511 3647 1623 3717 οὐδεὶς

390 3732 517 3795 παιδίου
540 3731 585 3814 μὴ
610 3733 751 3815 νομίζων
774 3735 871 3796 αὑτοῦ
896 3734 1026 3803 δικαίως
1050 3733 1134 3796 εῖναι.
1163 3754 1191 3816 p.
1210 3736 1282 3817 379,
1301 3737 1329 3798 8.
1353 3736 1486 3817 χαλεπαὶ
1509 3735 1623 3818 λαβεῖν

389 3821 435 3903 μὴ
465 3823 503 3883 ού
532 3821 641 3903 χρόνῳ
668 3822 721 3885 καὶ
748 3824 923 3905 πολιορκίᾳ.
971 3822 1088 3886 Contra
1109 3824 1153 3905 μὴ
1180 3825 1217 3886 οὐ
1246 3825 1350 3887 estin
1377 3824 1456 3888 loeis
1480 3843 1624 3906 sequen-

391 3909 489 3993 tibuS‚
522 3911 639 3974 Herod.
663 3910 703 3974 11.
730 3913 801 3974 110.
835 3914 955 3975 ούκουν
988 3913 1109 3976 δίκαιον
1142 3912 1218 3976 εἶναι
1251 3914 1368 3976 ἱστάναι
1400 3951 1442 3960 -
1474 3914 1519 3996 μὴ
1554 3916 1623 3977 οὐκ

391 4000 668 4082 ὑπερβαλλόμενον
691 4008 768 4064 τοῖσι
786 4003 910 4082 έρχοισι.
935 4000 993 4064 III.
1011 4003 1061 4064 82.
1080 4002 1184 4084 δήμου
1200 4026 1232 4065 τε
1248 4001 1288 4064 αὖ
1305 4004 1458 4084 άρχοντος
1474 4003 1623 4066 ἀδύνατα

389 4087 434 4169 μὴ
461 4089 498 4151 οὐ
526 4090 684 4172 κακότητα
714 4091 897 4171 ἐγγίνεσθαι.
927 4089 981 4151 VI.
1000 4092 1071 4153 106.
1097 4093 1156 4154 οὐκ
1185 4092 1400 4164 ἐξελεύσεσθαι
1423 4094 1545 4174 ἔφασαν
1568 4093 1622 4175 μὴ

391 4179 428 4239 ού
452 4178 589 4259 πλήρεος
612 4180 718 4248 ἐόντος
740 4185 796 4241 τοῦ
819 4179 948 4242 κύκλου.
971 4179 1044 4243 VII.
1063 4180 1134 4242 101.
1152 4181 1211 4243 οὐκ
1235 4181 1406 4263 ἀξιόμαχοί
1422 4183 1478 4244 εἰσι
1502 4219 1543 4227 -
1567 4183 1623 4264 μὴ

390 4267 492 4336 έόντες
520 4268 661 4349 άρθμιοι.
694 4268 789 4330 Thue.
811 4267 898 4330 VIII.
925 4269 974 4330 60.
998 4268 1033 4331 τδ
1061 4271 1181 4351 χωρίον
1206 4307 1246 4315 -
1271 4270 1410 4333 ἀδύνατα
1439 4270 1478 4352 ἦν
1502 4294 1545 4316 ⁴-
1568 4271 1623 4352 μὴ

391 4357 429 4418 οὕ
452 4357 574 4437 μεγάλα
597 4357 744 4439 βλάπτειν
767 4356 820 4419 καὶ
839 4356 999 4439 Ἐρέτριαν
1023 4364 1079 4421 ete.
1104 4357 1232 4422 Lucian.
1256 4359 1348 4422 Alex.
1374 4361 1424 4422 59.
1448 4362 1467 4422 θ
1491 4362 1551 4423 οὐκ
1578 4363 1627 4423 ἂν

389 4452 518 4527 ποιῆσαι
542 4446 692 4509 ἐδύναντο
714 4446 760 4527 μὴ
786 4446 856 4527 οὐχὶ
878 4453 933 4528 τῆς
957 4448 1099 4528 φενάκης
1123 4449 1340 4531 ἀφῃρημένης.
1364 4449 1410 4512 Id.
1434 4449 1460 4512 I.
1485 4448 1559 4512 Seli.
1591 4452 1626 4512 5.

390 4535 436 4604 ὡς
464 4536 523 4597 οὐκ
552 4535 703 4617 ἀνάσχοιο
731 4537 771 4596 ἂν
797 4536 842 4617 μὴ
873 4535 943 4618 οὐχί
970 4535 1034 4617 πρὸ
1061 4543 1125 4600 τῶν
1148 4539 1253 4600 άλλων
1279 4538 1360 4601 θέαν
1388 4539 1421 4601 ἐν
1449 4539 1627 4621 ἐπιτηδείῳ

389 4624 652 4706 καταλαμβάνων.
687 4623 765 4687 Plat.
788 4625 911 4688 Theaet.
937 4625 999 4687 151
1017 4624 1054 4689 D.
1079 4626 1210 4708 αἰσχρὸν
1237 4626 1282 4709 μὴ
1314 4628 1352 4690 ού
1380 4629 1472 4691 παντὶ
1502 4628 1645 4711 τρόπῳ·
