3476 5256
293 387 334 450 14
751 403 876 449 οεοιεαε
899 403 1056 448 nanninus

381 565 454 628 221.
479 563 556 627 αὐτὸ
584 563 689 626 Herw.
722 562 817 632 αὑτὸς
839 561 871 624 Τ.
896 561 1013 625 Wund.
1125 562 1170 644 μὴ
1195 563 1255 624 οὐκ
1279 561 1413 644 ἔχωντι
1436 563 1516 644 σύμ-

289 652 400 738 βολον]
429 652 570 736 Hupfeld
598 654 692 715 vertit
724 653 802 714 ‘non
830 653 913 714 enim
942 651 1001 714 diu
1027 651 1252 733 investigarem
1282 652 1360 732 quin
1387 650 1517 732 aliquod
1544 671 1547 677 ’

290 743 445 807 indicium
460 742 608 806 haberem
632 740 942 825 (deprehenderem).’
988 740 1150 804 Particula
1165 741 1203 802 οὑ
1220 759 1455 823 supervacanea
1470 740 1516 802 vi-

291 833 396 914 detur,
425 851 500 894 nam
527 832 572 915 μὴ
601 832 685 913 ἔχων
712 850 769 914 por
796 850 829 893 se
858 829 1049 912 significaret
1075 829 1146 892 had
1174 827 1285 892 Inot.
1332 829 1375 892 Of.
1400 829 1440 892 ad
1466 831 1516 892 13.

290 922 403 1006 Itaque
430 941 505 985 vera
532 921 626 984 lectio
654 921 786 984 fortasse
815 925 863 982 est
888 920 933 1002 μή
962 943 988 981 τι
1017 918 1178 1001 σύμβολόν
1206 917 1235 999 γ’
1263 919 1355 1000 έχων,
1389 923 1445 982 aut
1470 918 1516 1000 μὴ

290 1013 401 1095 λαβών
422 1033 449 1073 τι
477 1009 648 1094 σύμβολον,
672 1015 727 1071 aut
749 1009 794 1091 μὴ
819 1009 879 1071 οὑκ
903 1010 984 1091 ἔχειν
1006 1032 1032 1070 τι
1055 1007 1218 1090 σύμβολον
1241 1008 1416 1090 (without
1438 1013 1517 1091 get-

290 1102 372 1184 ting
395 1117 496 1164 some
519 1100 625 1178 olue).
673 1098 826 1162 Geminus
843 1098 930 1160 loeus
954 1102 1001 1161 est
1017 1097 1078 1161 00.
1096 1098 1168 1159 360.
1192 1099 1278 1179 ἥκεις
1302 1096 1362 1179 γὰρ
1386 1098 1424 1160 οὑ
1440 1098 1515 1180 κενή

292 1215 326 1272 γε
353 1227 396 1236 -
423 1189 468 1284 μὴ
499 1189 569 1271 οὑχὶ
597 1188 678 1269 δεῖμ’
706 1187 777 1269 ἐμοὶ
800 1187 943 1269 φέρουσά
970 1210 996 1248 τι
1024 1186 1079 1268 (μὴ
1109 1186 1180 1268 οὑχλ
1208 1186 1288 1268 δεῖμ’
1316 1186 1387 1267 ἐμοὶ
1409 1188 1517 1268 φέρειν

290 1280 414 1363 μέγαθ).
461 1281 529 1341 Aut
554 1277 599 1360 μὴ
629 1280 689 1340 οὒκ
717 1279 798 1358 ἔχειν
826 1280 892 1356 (aut
917 1276 963 1358 μὴ
992 1277 1031 1339 οὐ
1059 1276 1175 1358 λαβεῖν)
1201 1299 1228 1338 τι
1255 1275 1427 1358 σύμβολον.
1460 1275 1516 1356 (Of.

294 1369 387 1432 1090.
416 1369 557 1450 ἀπείρων
585 1405 627 1412 -
656 1366 716 1429 οὑκ
745 1367 806 1429 ἔσει
830 1401 871 1412 -
895 1366 940 1448 μὴ
966 1366 1004 1428 οὑ
1028 1366 1063 1428 σέ
1085 1387 1119 1447 γε
1148 1401 1189 1410 —
1217 1364 1409 1447 χορεὺεσθαι
1435 1364 1517 1448 πρὸς

291 1461 407 1540 ἡμῶν.)
453 1456 497 1520 Of.
521 1456 603 1520 Phil.
620 1457 693 1518 493.
710 1457 832 1537 ἔχοντες
849 1493 890 1500 -
908 1454 1070 1538 σύμβολον
1086 1454 1186 1536 σαφὲς
1200 1454 1310 1537 λύπης.
1333 1454 1426 1518 Rhea.
1444 1455 1517 1516 220.

294 1545 458 1630 σύμβολον
482 1545 511 1607 θ’
535 1547 620 1628 ἔχων
638 1545 746 1627 σαφές.

382 1637 455 1698 222.
478 1635 576 1700 τελῶν
599 1633 634 1697 Β.
657 1635 737 1698 τελῶ
760 1636 799 1697 A.
822 1633 853 1696 Τ.

383 1727 455 1787 227.
479 1723 623 1796 ὑπεξέλοι
656 1721 750 1786 Dind.
802 1722 891 1786 “Aul
921 1724 1072 1787 lacunosa
1103 1723 1180 1786 haec
1212 1721 1311 1786 verba
1342 1727 1431 1804 sunt,
1463 1727 1518 1785 aut

292 1815 432 1898 graviter
466 1815 642 1897 corrupla.”
676 1811 806 1893 (Horu.)
856 1812 984 1876 Menum
1016 1813 1139 1876 iaoiunt
1169 1810 1289 1875 Nauck.
1321 1812 1516 1876 Heimsooth.

292 1903 487 1968 Herwerden
520 1904 713 1966 looulionem
745 1901 904 1975 ὑπεξελεῖν
936 1901 1077 1984 ἔγκλημα
1110 1902 1189 1965 κατά
1221 1925 1303 1971 τινος
1335 1906 1518 1984 suspectum

292 1992 394 2057 habet.
442 1991 504 2056 Sed
532 1992 690 2064 ὑπεξελεῖν
718 1991 897 2076 significare
911 1997 1015 2074 potest
1036 1997 1070 2054 to
1094 1991 1192 2054 draw
1216 1990 1318 2054 forth
1340 1991 1435 2055 from
1457 1992 1517 2054 his

292 2081 421 2145 bosom
443 2081 505 2163 (tha
521 2081 635 2163 charge
651 2081 774 2163 against
794 2081 940 2158 himself).
985 2081 1036 2143 κεί
1054 2080 1115 2162 μὲν
1137 2086 1278 2162 φανεῖται
1296 2080 1517 2162 Margoliouth.

294 2169 352 2246 Qu.
376 2171 430 2233 καὶ
451 2171 496 2253 μὴ
522 2170 689 2252 φοβείσθω
704 2168 892 2252 τοὺπίκληβ
908 2169 1066 2242 ὑπεξελεῖν
1085 2207 1135 2242 -,
1160 2175 1216 2232 aiii
1237 2170 1288 2232 κεῖ
1300 2169 1359 2251 μὲν
1375 2170 1518 2252 φοβεῖται

291 2260 479 2342 τοὺπίκλημ’
503 2259 661 2332 ὑπεξελεῖν
682 2295 737 2331 -,
760 2260 895 2322 πείσεται
917 2257 1039 2342 πρᾶγμ’
1063 2259 1138 2322 ἄλλο
1160 2258 1220 2341 μὲν
1244 2264 1310 2339 ele,
1338 2258 1518 2321 antelmi

293 2351 436 2432 φοβεῖται
467 2348 654 2431 τοὺπίειλημ’
686 2348 844 2422 ὑπεξελεῖν
873 2385 928 2409 —.
977 2347 1019 2410 Of.
1049 2349 1178 2411 omnino
1201 2348 1249 2410 Tr.
1273 2349 1347 2410 457.
1379 2349 1430 2411 κεί
1458 2347 1519 2431 μέν

294 2439 454 2511 δέδοικας,
483 2439 521 2501 οὐ
549 2439 657 2508 καλῶς
684 2439 820 2521 ταρβεῖς,
849 2438 916 2502 έπελ
938 2443 995 2502 etc.
1039 2438 1132 2500 1211.
1157 2436 1232 2510 ἀλλ’,
1263 2439 1291 2501 εἰ
1315 2439 1414 2520 φοβεῖ
1436 2437 1518 2520 πρὸς

292 2536 398 2602 τοῦτο,
421 2528 516 2591 τᾶλλα
540 2527 569 2609 γ’
593 2529 730 2610 ἔργασαι.
754 2528 850 2591 Arist.
867 2526 945 2591 Ran.
963 2527 1036 2589 688.
1062 2528 1151 2590 δοκεῖ
1169 2527 1172 2608 Ι
1193 2527 1339 2599 ἐξισῶσαι
1362 2525 1435 2596 τοὺς
1458 2549 1517 2590 πο-

293 2618 375 2688 λίτας
398 2617 546 2700 κάφελεῖν
568 2617 605 2679 τὰ
623 2611 751 2699 δείματα
776 2618 806 2697 (i.
824 2637 848 2682 e.
872 2617 926 2680 καὶ
941 2617 1050 2680 ἄδειαν
1067 2617 1197 2696 δοῦναι).
1224 2617 1317 2678 1199.
1335 2617 1363 2679 εἰ
1377 2615 1411 2680 δὲ
1426 2622 1518 2679 τοῦτο

292 2707 559 2789 καταφοβεῖσθον,
591 2708 636 2789 μή
664 2731 709 2776 τις
736 2707 860 2788 ἀμαθία
888 2713 994 2788 προσῇ
1015 2706 1018 2789 l
1039 2711 1102 2776 τοῖς
1130 2706 1347 2787 θεωμένοισιν,
1377 2705 1423 2775 ὡς
1449 2704 1486 2767 τὰ
1513 2700 1516 2792 l

292 2795 387 2860 λεπτὰ
414 2796 459 2878 μὴ
490 2801 607 2878 γνῶναι
634 2796 799 2877 λεγόντοιν,
815 2796 825 2876 l
844 2795 947 2877 μηδὲν
975 2795 1144 2877 ὀρρωδεῖτε
1171 2795 1276 2868 τοῦθ’,
1306 2795 1352 2865 ῶς
1380 2795 1439 2857 οὐκ
1468 2793 1518 2858 ἔθ’

294 2886 378 2949 οὕτω
394 2883 478 2948 ταῦτ’
495 2887 565 2967 ἔχει.
648 2884 821 2968 ὑπεξελῶν]
838 2883 971 2957 ἐπεξιὼν
983 2883 1197 2967 Margoliouth
1214 2884 1293 2964 (coll.
1311 2883 1388 2947 Plat.
1405 2905 1433 2967 p.
1446 2885 1518 2946 762.

293 2976 313 3038 ὁ
336 2975 371 3038 δὲ
394 2975 586 3056 αἰσθόμενος
610 3011 651 3019 -
675 2974 729 3036 καὶ
751 2974 796 3056 μὴ
821 2973 955 3046 ἐπεξιὼν
978 2977 1034 3036 etc.
1058 2994 1087 3056 p.
1105 2973 1177 3035 775.
1202 2973 1431 3054 ὁβοολόμενος
1447 2973 1517 3035 ἒπε-

294 3065 368 3138 ξίτω
385 3066 461 3144 etc.).
486 3064 641 3145 ἐλεγξάτω
657 3062 772 3127 Naber.
811 3060 879 3125 Sibi
895 3064 980 3126 enim
1004 3063 1195 3146 respondere
1219 3062 1373 3144 ἐλεγξάτω
1395 3067 1427 3126 at
1442 3083 1517 3126 σιω-

292 3155 384 3217 πάτω
408 3153 513 3234 (231).
561 3152 777 3235 Conpositum
800 3171 909 3214 rarum
925 3153 1103 3236 ὑπεξαιρεῖν
1119 3153 1259 3215 occurrit
1273 3151 1320 3212 El.
1340 3152 1433 3214 1419.
1473 3151 1517 3215 Of.

293 3241 377 3307 Xen.
401 3242 489 3306 Hier.
515 3243 543 3321 5,
560 3243 589 3303 2.
618 3242 693 3305 ὅταν
727 3242 761 3304 δὲ
792 3240 866 3311 τοὺς
897 3242 1058 3312 τοιούτους
1087 3241 1137 3304 διὰ
1167 3241 1221 3304 τὸν
1253 3241 1358 3323 φόβον
1390 3242 1517 3314 ὑπεξαι-

293 3338 424 3415 ρῶνται,
447 3332 525 3402 τίνες
540 3331 628 3394 ἄλλοι
644 3332 749 3401 αὑτοῖς
771 3331 1006 3394 καταλείπονται
1021 3332 1160 3413 χρῆσθαι
1176 3330 1242 3392 ἀλλ’
1259 3333 1278 3412 ἢ
1296 3332 1326 3394 οῖ
1341 3330 1445 3398 ἅθιτωι
1461 3336 1518 3393 ete.

293 3422 375 3485 Plut.
398 3423 509 3484 Artax.
535 3422 585 3484 17.
608 3422 699 3484 πέντε
721 3421 780 3502 μὲν
804 3421 953 3503 ἑκάτερον
976 3421 1182 3493 ὑπεξελέσθαι
1208 3419 1282 3490 τοὺς
1309 3420 1517 3489 πιστοτάτους.

293 3511 369 3575 Eur.
393 3511 512 3575 Phaon.
537 3511 609 3573 998.
634 3511 680 3580 ῶς
703 3507 738 3572 εὖ
761 3509 881 3593 πατρὸς
903 3510 1021 3583 ἐξεῖλον
1044 3510 1156 3592 φόβον.

384 3602 456 3663 228.
480 3600 557 3663 καθ’
586 3599 696 3685 αὑτοῦ]
725 3599 792 3662 κατ’
822 3601 918 3662 αὑτοῦ
948 3601 1028 3682 conj.
1056 3599 1170 3680 Bergk.
1204 3598 1298 3668 ἀστὸς
1325 3597 1393 3662 κατ’
1421 3599 1518 3668 ἀστοῦ

293 3689 415 3754 Nauck.
439 3689 542 3752 Praei.
565 3687 646 3752 Phil.
671 3690 719 3752 ed.
744 3689 798 3751 VI.

384 3780 457 3840 229.
480 3778 623 3860 ἀβλαβὴς
645 3778 683 3839 A.
708 3776 743 3839 B.
767 3777 800 3840 N.
816 3775 849 3840 L.
866 3779 901 3842 P.
917 3778 948 3841 Τ.
973 3777 1056 3860 vulg.
1081 3777 1176 3840 Dind.
1192 3777 1233 3840 ΙΙ.
1258 3777 1403 3860 ἀσφαλὴς
1423 3776 1518 3841 Dind.

293 3867 351 3930 ΠΙ.
376 3867 443 3949 (sed
465 3867 597 3950 probato
621 3867 764 3949 ἀβλαβὴς
790 3869 826 3930 in
849 3869 943 3950 noia).
973 3867 1083 3930 Ritter.
1113 3866 1218 3931 Hera.
1248 3891 1295 3951 γρ.
1320 3867 1463 3950 ἀβλαβὴς
1485 3866 1518 3930 L.

294 3976 355 4021 reo.
379 3977 420 4018 m.
456 3956 622 4020 Wecklein
645 3956 788 4038 ἀβλαβὴς
810 3976 934 4020 merum
961 3956 1120 4038 glossema
1147 3975 1216 4019 osse
1244 3960 1341 4039 putat.
1375 3956 1520 4039 ἀσφαλὴς

295 4045 421 4110 defendi
445 4051 549 4129 potest
571 4065 611 4109 ex
636 4045 697 4109 00.
725 4047 817 4108 1288.
842 4045 990 4108 ἀπελθεῖν
1012 4045 1038 4107 τ’
1063 4045 1199 4127 ἀσφαλεῖ
1219 4045 1275 4118 ξὺν
1299 4045 1411 4127 έξόθῳ.

385 4136 458 4198 239.
483 4133 540 4210 Qu.
556 4137 585 4198 εἰ
597 4134 626 4198 θ’
641 4133 683 4198 αὗ
696 4159 741 4204 τις
755 4134 849 4197 ἀστὸν
864 4133 947 4197 ολθεν
962 4137 981 4216 ἢ
995 4134 1022 4207 ’ξ
1036 4135 1130 4217 ἄλλης
1142 4134 1262 4217 χθονὸς
1271 4135 1302 4217 (i.
1314 4153 1339 4199 e.
1351 4135 1451 4211 ξένον)
1463 4173 1518 4198 -.

294 4223 504 4289 Herwerden:
522 4223 677 4288 “Civibus
692 4223 760 4287 suis
775 4242 834 4287 rex
849 4225 995 4307 imperat,
1012 4243 1030 4286 a
1045 4225 1220 4306 peregrinis
1236 4225 1321 4307 petit,
1337 4225 1519 4307 pollicetur-

295 4333 357 4396 que
380 4315 420 4378 iis
443 4320 511 4378 tum
535 4313 712 4378 mercedem
736 4319 802 4376 tum
828 4313 989 4396 g1·aiiam.”
1079 4311 1120 4376 αὑ
1139 4336 1183 4383 τις
1198 4315 1236 4376 Α.
1253 4314 1284 4376 Τ.
1308 4312 1402 4384 αὖθις
1417 4313 1453 4376 Β.
1478 4312 1519 4376 αὑ

294 4425 337 4474 τις
361 4407 420 4486 (γρ.
444 4402 550 4484 αὖθις)
571 4403 608 4466 Β.
655 4401 699 4464 Ol.
724 4403 797 4465 233.
888 4401 994 4486 ἄλλον]
1018 4401 1140 4465 ἐλθόντ’
1164 4404 1244 4485 eonj.
1268 4401 1388 4466 Nauck.
1413 4403 1520 4466 ἐλθὼν

295 4492 500 4557 Horwerden.
525 4493 620 4562 ἄλλος
636 4491 766 4575 Weckl,
791 4493 860 4575 qui,
883 4493 911 4556 si
929 4510 1041 4555 verum
1065 4497 1147 4558 esset
1162 4492 1265 4566 ἄλλον,
1287 4492 1351 4554 ὅντ’
1370 4493 1438 4575 (pro
1454 4491 1521 4576 τὸν)
