3450 5250
335 407 399 470 242
508 452 512 460 -
854 423 1048 472 Pffinocnnnns

426 586 522 648 1388.
547 585 627 655 ὀλεῖς
649 608 704 668 με,
729 585 897 666 γιγνώσκω
922 608 969 658 σε,
994 583 1048 668 -]
1073 585 1154 654 ὀλεῖς
1176 609 1230 666 με,
1254 585 1373 658 τέκνον,
1397 583 1450 648 καὶ
1466 583 1500 646 σὲ
1516 621 1555 629 -

333 673 488 739 Frehlich.

425 765 518 826 1393.
543 764 572 826 εί
592 764 628 826 σέ
650 763 678 843 γ’
702 764 735 826 ἓν
758 763 864 845 λόγοις
884 761 888 848 ]
908 764 1024 826 πείσειν
1047 761 1286 846 όυνησόμεσθα]
1312 762 1369 840 Qu.
1394 764 1423 825 εἰ
1443 762 1560 844 λόγοισί

333 876 369 916 σε
389 851 393 934 ]
413 859 516 916 πεῖσαι
539 855 606 932 (eut
627 852 759 929 πείθειν)
782 889 838 916 -.

423 943 519 1004 1394.
545 939 593 1004 ών
615 940 710 1024 λε’γω]
735 939 793 1017 QU.
818 939 866 1004 ών
888 942 984 1005 θέλω.

424 1030 518 1094 1397.
542 1031 578 1093 ἔα
601 1055 642 1113 με
657 1029 800 1114 πάσχειν]
825 1028 883 1106 Qu.
900 1032 936 1093 ἔα
952 1032 1067 1094 παθεῖν
1082 1053 1124 1112 με
1139 1035 1267 1114 propter
1282 1049 1419 1111 sequens
1435 1029 1558 1092 παθεῖν.

424 1120 518 1182 1401.
541 1121 729 1202 τεθρήνηται
753 1120 853 1205 γόοις]
886 1120 1090 1202 τεθρύλληται
1113 1120 1218 1201 λόγοις
1240 1119 1397 1184 Frchlich.
1445 1119 1487 1182 01.
1512 1118 1558 1180 nl.

334 1209 405 1272 379.
431 1209 518 1291 γόων
541 1211 600 1292 (γρ.
624 1209 677 1271 καί
699 1209 824 1291 λόγων).
943 1221 947 1232 “

424 1298 517 1361 1406.
541 1299 606 1361 τίνα
629 1298 875 1380 προσωφέλησιν
899 1299 994 1361 etiem
1017 1297 1174 1361 Frdhlich.

424 1387 517 1451 1415.
541 1387 577 1449 τὰ
602 1388 676 1458 Διός
704 1411 736 1450 τε
764 1385 911 1470 φράσων]
941 1385 999 1463 Qu.
1028 1387 1065 1449 τό
1092 1411 1124 1449 τε
1152 1386 1210 1450 Δία
1240 1387 1313 1468 (όῖα)
1342 1388 1478 1470 φράσων
1503 1423 1558 1447 —-.

334 1475 378 1540 cf.
402 1477 443 1539 ad
466 1477 515 1559 Aj.
542 1476 613 1538 757.

423 1567 651 1628 ldie-1422.
674 1565 743 1629 Hos
767 1585 817 1628 vv.
842 1565 995 1630 deleverit
1017 1565 1227 1648 Herwerden‚
1251 1571 1282 1630 et
1304 1587 1381 1630 mox
1397 1566 1503 1630 ἐλθὼν
1520 1565 1560 1630 οῦ
1691 1569 1692 1574 ’

335 1656 401 1739 (pro
426 1654 471 1736 ἀὲ)
495 1655 663 1738 scripserit.
1619 1661 1620 1668 ’

424 1744 519 1807 1419.
543 1745 639 1814 ὅσους
661 1745 804 1827 πονήσας
828 1780 868 1790 -
893 1743 1024 1828 πόνους]
1051 1743 1108 1819 Qu.
1133 1745 1229 1814 ὅσους
1251 1744 1390 1814 ῦποστάς
1413 1783 1468 1806 -.
1539 1740 1543 1749 ’

425 1835 518 1896 1429.
542 1833 688 1916 ἐκβαλὼν
703 1854 775 1897 mss.
800 1834 945 1916 ἑκλαχὼν
965 1834 1059 1896 Turn.
1092 1832 1164 1917 Leg.
1182 1834 1335 1916 ἑκλαχών.
1368 1833 1411 1896 01.
1428 1834 1467 1898 ΕΙ
1486 1835 1561 1897 760.
1691 1831 1692 1836 ’

332 1923 423 1992 ὅπως
445 1923 596 2004 πατρῴας
618 1923 740 2006 τύμβον
764 1923 891 2005 ἐκλάχοι
907 1923 1034 2005 χθονός.
1061 1922 1122 1986 00.
1143 1925 1235 1986 1337.
1251 1923 1306 1986 τὸν
1321 1923 1416 1986 αὐτὸν
1433 1923 1573 2005 δαίμον’·

334 2011 529 2095 ἐξειληφότες
552 2013 754 2094 (ἑξειληχότες
777 2011 809 2074 L.
834 2013 912 2093 ete).

423 2103 517 2164 1431.
541 2100 633 2164 τοῦόε
669 2107 725 2163 τοῦ
759 2100 908 2184 στρατοῦ]
945 2107 1001 2164 τοῦ
1039 2100 1120 2183 όήοσ
1159 2107 1292 2184 στρατοῦ
1326 2100 1561 2165 Schneidewin.
1691 2097 1692 2124 ¹

333 2189 423 2253 όαΐου
448 2196 580 2272 στρατοῦ
604 2190 711 2254 Herw.
751 2189 808 2265 Qu.
832 2191 985 2271 πολεμίου
1009 2197 1151 2273 στρατοῦ.

424 2282 517 2342 1441.
546 2280 684 2362 εὐσεβεῖν
716 2279 753 2341 τά
781 2280 863 2362 πρὸς
890 2280 1001 2363 θεούς]
1030 2278 1087 2354 Qu.
1118 2281 1255 2362 εὐσεβεῖν
1281 2281 1324 2349 εἰς
1351 2279 1424 2350 τοὺς
1452 2281 1562 2351 θεούς.

332 2367 376 2432 Of.
401 2371 475 2432 Ant.
502 2370 574 2431 731.
604 2370 741 2451 εὐσεβεῖν
769 2371 812 2438 εἷς
839 2368 912 2438 τοὺς
940 2369 1070 2439 κακούς.
1114 2370 1181 2432 Aut
1212 2370 1350 2451 εὐσεβεῖν
1377 2368 1459 2451 πρὸς
1486 2370 1564 2441 τοὺς

331 2459 441 2610 dcccii4
467 2459 543 2565 „Aut
565 2459 703 2541 εὐσεβεῖν
717 2458 754 2520 τὰ
770 2463 835 2521 τῶν
850 2459 946 2550 θεῶν.
987 2456 1030 2520 01.
1055 2457 1128 2519 Eur.
1146 2458 1259 2522 Bacch.
1280 2459 1373 2520 1148.
1397 2460 1499 2541 σέβειν
1522 2459 1563 2521 τά

330 2571 394 2610 των
442 2571 512 2610 εων.

308 2705 309 2710 ,
423 2656 516 2716 1443.
540 2656 559 2737 ή
585 2654 656 2738 γὰρ]
682 2655 720 2717 οὐ
745 2654 805 2736 γάρ
829 2653 936 2716 Meni.
961 2655 1000 2716 ed
1024 2653 1119 2737 Hipp.
1144 2656 1217 2717 428.
1256 2655 1428 2737 Vulgatam
1452 2660 1564 2718 tuetur

332 2744 488 2807 Frehlieh.
528 2744 571 2807 01.
596 2742 671 2806 Eur.
696 2744 794 2805 Andr.
821 2746 892 2806 775.
917 2745 1004 2806 οὔτοι
1026 2745 1158 2825 λείψανα
1183 2749 1247 2807 τῶν
1270 2744 1405 2825 ἀγαθῶν
1429 2744 1563 2826 άνόρῶν

333 2834 508 2916 ἀφαιρεῖται
531 2833 655 2916 χρόνος,
680 2833 700 2894 ά
725 2832 753 2895 θ’
778 2831 871 2915 ἀρετά
895 2833 948 2896 καί
971 2834 1107 2896 θανοῦσι
1130 2834 1254 2915 λάμπει.

422 2941 515 3002 1447.
541 2941 600 3002 οὐκ
617 2939 780 3024 ἀπιθήσω]
798 2937 855 3014 Qu.
873 2940 968 3003 οὐθὲν
984 2941 1105 3003 ἀπιστεῖ)
1123 2978 1177 3001 -.
1202 2941 1269 3003 Aut
1284 2940 1378 3003 οὐδὲν
1394 2941 1562 3024 ἀπιστήσω

332 3035 398 3099 σοῖς
413 3030 539 3111 μύθοις.
579 3028 622 3092 01
640 3028 714 3091 Eur.
732 3028 784 3091 Or.
803 3031 858 3100 31.Ι
877 3029 968 3110 ὅμως
992 3029 1020 3092 δ’
1045 3029 1197 3092 ἀπέκτειν’
1215 3031 1275 3092 οὐκ
1291 3029 1463 3113 ἀπιστήσας
1478 3031 1561 3113 θεῷ.
1691 3023 1692 3066 i

422 3137 514 3199 1448.
544 3136 655 3219 γνώμη
683 3137 777 3218 ταύτῃ
803 3157 874 3199 mss.
899 3138 1031 3218 γνώμην
1058 3137 1172 3218 ταύτην
1200 3135 1309 3198 Elmsi.
1332 3135 1452 3199 Nauck.
1501 3137 1560 3217 (Of.

330 3223 448 3289 Herod.
460 3225 547 3287 Vlli.
561 3227 631 3288 108.
647 3226 703 3308 τήν
720 3227 860 3308 ε’ναντίην
876 3227 1008 3308 γνώμην
1023 3227 1117 3308 ταύτῃ
1135 3227 1247 3308 γνώμη
1265 3226 1401 3306 ἐτίθετο.)
1426 3228 1563 3310 γνώμην

331 3316 425 3396 ταύτῃ
443 3315 556 3397 Bergk.
596 3313 654 3389 Qu.
679 3317 810 3398 γνώμην
826 3316 929 3396 ταύτῃ.
962 3314 1007 3378 01.
1023 3315 1159 3398 Theogn.
1179 3317 1250 3376 717.
1268 3314 1345 3377 ἀλλὰ
1361 3315 1421 3398 χρὴ
1438 3316 1562 3387 πάντας

331 3405 463 3486 γνώμην
494 3405 608 3487 ταύτην
640 3404 838 3467 καταθέσθαι
849 3407 900 3486 (Ρ),
922 3404 926 3485 Ι
947 3404 993 3473 ώς
1025 3403 1161 3473 πλοῦτος
1192 3404 1336 3486 πλείστην
1368 3410 1462 3467 πᾶσιν
1495 3406 1563 3488 ἔχει

332 3494 474 3575 θθναμιν.
522 3492 564 3556 Cf.
590 3494 629 3555 cd
653 3494 747 3556 Arist.
773 3492 859 3556 Eccl.
886 3494 958 3555 658.
990 3492 1109 3556 Herod.
1133 3493 1156 3555 I.
1184 3494 1255 3555 120.
1287 3493 1382 3575 ταύτῃ
1417 3494 1562 3564 πλεῖστος

331 3584 462 3665 γνώμην
485 3584 554 3664 εἰμί.
1691 3673 1692 3686 ¹

424 3691 517 3752 1450.
541 3688 653 3772 καιρὸς
676 3690 729 3752 καὶ
751 3690 851 3759 πλοῦς
874 3709 946 3752 mss.
971 3688 1083 3770 καιρὸς
1106 3689 1160 3752 καὶ
1182 3689 1281 3759 πνόος
1305 3688 1460 3752 Freldich.
1500 3689 1561 3767 Ωιι.
1605 3753 1610 3762 ,

329 3780 452 3860 καίριος
481 3780 499 3841 ὁ
522 3780 634 3848 πλοῦς·
656 3779 659 3860 ]
681 3778 729 3841 ὅδ’
758 3816 813 3840 -.
852 3781 920 3841 Aut
946 3778 1058 3860 καιρὸς
1086 3780 1145 3860 γὰρ
1174 3777 1297 3861 πλεῖν]
1319 3778 1368 3841 ὅθ’
1397 3816 1451 3840 -.
1491 3783 1562 3843 Aut

330 3868 441 3949 καιρὸς
466 3868 499 3931 dd
522 3869 624 3931 πλόου
644 3872 711 3948 (eut
725 3868 851 3946 πλέειν]
874 3869 877 3950 ]
898 3868 953 3930 dee
976 3874 1048 3929 πνεῖ
1068 3868 1128 3950 γάρ
1152 3874 1209 3931 νῦν
1231 3867 1310 3930 κατὰ
1327 3869 1475 3950 πρύμναν
1491 3872 1562 3949 (aut

330 3957 397 4020 ὅόε·
427 3964 500 4021 πνεῖ
519 3957 579 4040 γάρ
603 3964 660 4020 νῦν
682 3958 761 4019 κάτα
783 3960 939 4039 πρύμναν.
980 3957 1023 4019 01.
1049 3958 1122 4018 466.
1151 3957 1262 4040 καιρὸς
1290 3957 1351 4039 γάρ
1378 3957 1489 4042 καλεῖ]
1509 3959 1557 4041 μὴ

331 4049 358 4119 ’ξ
381 4047 525 4110 ἀπόπτου
550 4047 671 4128 μᾶλλον
694 4050 713 4128 ἢ
740 4045 867 4128 ’γγύθεν
890 4053 1027 4109 σκοπεῖν.
1052 4047 1125 4107 465.

421 4155 514 4216 1451.
539 4153 588 4217 ὅθ’
613 4154 724 4234 ε’πείγει
749 4153 827 4236 γάρ]
861 4152 933 4236 Leg.
967 4153 1023 4216 ὅάε
1054 4160 1127 4216 πνεῖ
1158 4152 1218 4236 γάρ
1251 4159 1307 4216 νῦν
1331 4193 1386 4215 —.
1476 4154 1559 4217 κατὰ

330 4241 490 4325 πρύμνην]
525 4243 570 4305 01.
598 4243 693 4305 Thuc.
724 4243 763 4305 H.
795 4245 844 4305 97.
878 4246 916 4325 ἢν
949 4241 996 4305 ἀεὶ
1027 4242 1122 4305 κατά
1155 4243 1333 4325 πρύμναν
1370 4244 1484 4325 ῖστήται
1517 4243 1559 4306 τὸ

329 4355 649 4483 πνευ1402-1471.
680 4422 749 4484 Hcs
773 4440 883 4483 versus
906 4440 971 4484 nen
998 4423 1106 4484 minus
1135 4441 1230 4503 quam
1262 4424 1301 4484 19
1330 4422 1457 4485 ultimos
1483 4421 1559 4484 Τεαὲ

329 4511 509 4573 chiniarum
532 4531 643 4574 versus
667 4511 791 4593 spurios
815 4510 909 4574 habet
933 4511 1104 4574 Wecklein.
