3476 5256
362 405 402 466 76
821 422 947 467 ouoffos
970 422 1122 468 oououuus

359 581 457 646 Hunc
481 601 608 645 vorsum
635 582 781 665 spurium
805 581 924 645 habent
950 582 1074 646 Jacobs.
1099 581 1216 645 Wund.
1245 579 1339 644 Dind.
1364 588 1420 645 eto.
1533 584 1586 646 καὶ

359 670 478 755 τύχαις]
508 669 566 747 Qu.
595 669 646 734 διὰ
669 671 778 754 τύχας,
812 675 867 734 aut
892 677 947 754 τῆς
974 671 1071 754 τύχης
1103 671 1150 754 (ut
1180 672 1365 753 μακαρίζειν
1390 673 1456 735 τινά
1483 671 1585 753 τινός),

360 767 417 825 aut
437 759 492 830 τὰς
514 761 611 843 τύχας
633 761 682 842 (cf.
706 761 819 824 Aesoh.
843 759 983 841 11464,
1002 763 1051 823 ll.
1075 760 1150 824 ὅταν
1173 761 1327 844 ἐπιβλέψῃ
1352 760 1470 842 γοργὸν
1493 763 1584 844 ὄμμα

360 849 524 913 δεσπότου.
548 848 642 932 Soph.
665 849 715 913 ur.
733 851 805 912 525.
828 849 929 913 πολλά
954 874 989 914 σε
1012 850 1099 932 ζηλῶ
1114 850 1214 933 βίον).
1305 850 1495 935 ἐπιβλέπων]
1511 849 1585 935 Log.
1724 927 1725 930 Ἴ

360 939 529 1023 ἐπέβλεπεν
552 938 780 1021 (invidebat,
805 938 898 1022 Angl.
922 940 1083 1021 euviod).

451 1029 545 1091 1527.
569 1027 733 1112 ἐλήλυθεν]
758 1029 897 1111 ἐλήλυθα
922 1028 1029 1093 Cobet.

451 1118 544 1180 1528.
569 1118 643 1181 ὄντα
667 1118 773 1201 κείνην
796 1119 824 1199 (ἒ
844 1119 963 1182 inserto
988 1123 1060 1181 auio
1083 1143 1103 1181 κ
1126 1117 1166 1180 ab
1190 1115 1232 1199 S.)
1255 1116 1288 1181 L
1313 1118 1387 1181 δνια
1412 1118 1534 1201 ἐκείνην
1550 1117 1585 1181 Β.

360 1204 549 1291 Suspectum
572 1207 651 1269 mihi
674 1212 721 1271 est
744 1207 873 1291 ἐκείνην.
972 1207 1059 1292 ἰδεῖν]
1088 1207 1150 1271 ἔδει
1174 1206 1271 1271 Stanl.
1303 1207 1409 1290 χρεὼν
1436 1213 1508 1290 post
1535 1227 1586 1272 mo

359 1297 525 1380 proposuit
552 1297 645 1360 etiam
674 1295 794 1370 Nauck.
833 1295 891 1373 Qu.
920 1297 1058 1379 πρέπειν,
1087 1301 1142 1361 aut
1167 1297 1253 1380 βίον,
1281 1301 1336 1360 aut
1363 1297 1413 1360 ἀεί
1438 1296 1484 1380 (Τ.
1508 1297 1586 1360 Hal-

359 1385 517 1465 bortsma).
1254 1403 1257 1410 ’

450 1476 544 1538 1529.
564 1474 677 1558 μηδέν’
694 1475 826 1558 δλβίζειν
848 1475 923 1558 πρὶν
943 1474 993 1560 ἄν]
1018 1475 1106 1540 Haeo
1130 1480 1278 1557 quattuor
1301 1475 1467 1559 vocabulo,
1491 1495 1587 1560 supra

359 1563 476 1629 lineam
491 1565 616 1647 scripto,
633 1583 720 1629 erasa
736 1570 811 1628 sunt
826 1566 861 1627 in
872 1564 905 1629 L.
922 1589 970 1648 γρ.
986 1566 1087 1628 πάντα
1103 1565 1290 1647 προσδοκᾶν
1305 1565 1368 1635 ἕως
1383 1567 1423 1628 ἂν
1437 1567 1472 1629 in
1489 1585 1585 1650 marg.

359 1653 398 1717 ab
422 1652 452 1717 S.
543 1653 697 1736 ὀλβιάζειν
720 1653 755 1717 Β.
779 1674 845 1719 non
867 1656 905 1718 A.

450 1743 545 1807 1530.
568 1741 704 1826 περάσῃ]
732 1743 814 1808 uort.
841 1743 1002 1827 ’κπεράσή
1042 1742 1085 1806 Of.
1109 1744 1183 1807 Eur.
1207 1743 1274 1827 Iph.
1300 1745 1336 1808 A.
1364 1745 1412 1807 18.
1437 1745 1474 1815 ὃς
1497 1744 1583 1808 ἀκίν-

360 1833 457 1896 δυνον
478 1833 549 1916 βίον
572 1833 747 1915 δξεπέρασε.

719 2618 930 2685 ouuss’us
960 2619 1222 2685 COLONEUS.

448 2783 477 2846 4.
502 2782 671 2865 δωρήμασι
694 2782 730 2845 Β.
754 2781 839 2865 vulg.
864 2781 1051 2864 δωρήμασιν
1075 2780 1112 2844 Κ.
1137 2779 1170 2843 L.
1194 2779 1290 2845 Dind.

448 2873 476 2934 5.
501 2878 637 2953 σμικροῦ
661 2873 700 2933 A.
723 2870 760 2934 B.
784 2870 822 2934 K.
847 2870 918 2933 Ald.
941 2877 1060 2953 μικροῦ
1083 2870 1117 2935 L.

449 2964 476 3024 λ.
501 2960 606 3033 ξυνὼν
629 2959 667 3023 Κ.
692 2961 729 3024 A.
753 2959 869 3043 παρὼν
892 2959 927 3022 Β.
950 2960 982 3024 T.

447 3051 475 3113 8.
499 3051 541 3114 ut
563 3049 689 3132 μακρὸς
711 3050 828 3132 χρόνος
844 3055 875 3114 et
889 3049 1006 3131 χρόνος
1021 3049 1147 3132 μακρὸς
1164 3056 1337 3114 occurrunt
1352 3052 1479 3134 saepius
1495 3051 1584 3134 apud

357 3139 553 3224 Sophoclem.
600 3139 663 3203 Hie
685 3139 817 3203 fortasse
840 3138 1083 3222 praeferendum
1106 3141 1156 3222 χώ
1178 3139 1307 3222 μακρὸς
1328 3140 1445 3223 χρόνος
1469 3141 1583 3214 ξυνών.

448 3230 476 3291 9.
500 3229 647 3292 δάκοισιν
670 3229 708 3290 A.
733 3227 768 3290 Β.
792 3226 830 3292 Κ.
854 3229 885 3292 Τ.
922 3229 1060 3311 δόκησιν
1092 3227 1222 3293 Seidler.
1255 3228 1370 3312 Bergk.
1404 3228 1498 3294 Mein.
1538 3229 1583 3294 Cf.

358 3319 529 3400 ἕνδάκήοις
552 3317 632 3380 Phil.
659 3318 708 3381 18.
1143 3381 1145 3387 ,

450 3408 498 3470 19.
522 3410 542 3490 ή
566 3405 648 3489 πρὸς
670 3406 827 3490 βεβήλοις]
854 3404 911 3482 Qu.
935 3409 956 3489 ή
979 3430 1043 3470 που
1066 3407 1211 3490 βέβηλον.
1303 3408 1408 3471 ἄλσεσι
1431 3408 1467 3471 Β.
1491 3408 1530 3472 Κ.

449 3497 498 3559 11.
522 3495 726 3579 κάξίδρυσον]
751 3496 944 3577 κάνίδρυσον
968 3501 1023 3559 aut
1045 3497 1245 3579 κάφίδροσον
1268 3499 1348 3580 conj.
1371 3495 1466 3560 Mein.

449 3588 498 3648 13.
518 3587 571 3651 εδν
594 3591 666 3667 (om.
691 3585 731 3667 δ’)
755 3584 788 3648 L.
821 3586 875 3648 ἁ”ν
898 3586 936 3649 A.
968 3586 1038 3668 χ’δν
1061 3584 1099 3649 K.
1134 3587 1173 3648 ἂν
1198 3585 1226 3649 δ’
1255 3587 1447 3668 ἀκούσωμεν
1474 3585 1583 3650 Elmsl.

358 3675 398 3738 ad
421 3673 485 3739 ΟΒ.
511 3675 583 3740 749.
607 3673 704 3738 Mein.
727 3674 819 3738 Jebb.
859 3673 1069 3740 Scribondum
1093 3675 1204 3739 saltem
1228 3681 1296 3739 orat
1319 3677 1358 3738 ἅν
1380 3676 1423 3739 δ’.

450 3783 498 3844 14.
526 3781 679 3852 Οἰδίπους
702 3781 740 3845 Κ.
764 3783 803 3845 Α.
831 3781 965 3846 Οἰδίπου
989 3781 1025 3844 Β.
1048 3782 1080 3845 Τ.
1172 3781 1217 3867 οἳ]
1242 3783 1276 3846 οἷ
1294 3783 1327 3847 L.
1351 3803 1396 3866 pr.

450 3873 498 3934 16.
522 3871 606 3955 ίρὸς]
636 3871 680 3934 Of.
706 3872 756 3934 54.
785 3877 893 3953 χῶρος
919 3871 979 3954 μὲν
1007 3872 1090 3954 ίερδς
1118 3871 1196 3954 (ἱρὸς
1223 3871 1332 3953 Dind.)
1355 3877 1412 3937 eto.
1463 3872 1584 3938 Eadem

358 3960 520 4042 antiquior
542 3959 649 4024 Ionica
671 3960 772 4024 forma
801 3962 837 4023 in
859 3961 968 4025 multis
991 3961 1070 4024 locis
1099 3963 1306 4044 tragicorum,
1333 3982 1398 4025 non
1426 3962 1521 4027 modo
1550 3965 1583 4026 in

357 4050 491 4128 choriois¹
519 4050 575 4113 sod
610 4051 705 4115 etiam
734 4052 767 4112 in
796 4050 979 4133 diverbiis,·
997 4051 1191 4132 ubicumque
1219 4051 1277 4114 hac
1305 4051 1441 4115 lectione
1469 4052 1583 4117 solutio

357 4139 474 4222 pedum
499 4140 612 4204 evitari
634 4144 750 4223 potest,
773 4138 811 4202 ab
835 4138 1003 4203 Dindorfio
1027 4140 1172 4203 restituta
1191 4146 1239 4203 ost
1262 4139 1372 4222 (Praei.
1389 4141 1475 4204 Poot.
1493 4140 1583 4205 Soon.

356 4248 385 4311 p.
406 4226 516 4307 XIV.).
564 4227 615 4293 Sic
642 4228 790 4294 dioobant
822 4229 927 4312 ῑκετήρ
956 4235 987 4292 et
1018 4228 1122 4311 ίκιὴρ,
1157 4229 1259 4311 ῑκέτης
1292 4234 1323 4292 et
1350 4230 1449 4312 ίκιης,
1482 4231 1582 4312 ίκειή-

357 4340 425 4398 ριος
448 4322 479 4381 εί
501 4319 646 4400 ίκτήριος.
686 4318 731 4382 of.
756 4319 849 4381 etiam
874 4318 914 4380 ad
937 4316 984 4380 El.
1005 4318 1077 4380 693.
1169 4318 1215 4387 ὡς
1239 4318 1406 4382 ἀπεικάσαι
1429 4318 1464 4382 Β.
1488 4319 1527 4382 Κ.
1550 4320 1583 4383 T.

357 4407 596 4558 ρῧ4ς1ἀρὲο2ιήσαι
621 4408 716 4490 (supr.
740 4431 764 4468 π
787 4406 826 4469 ab
851 4405 892 4487 S.)
916 4406 949 4470 L.
988 4406 1061 4490 Leg.
1085 4407 1131 4476 ὥς
1155 4409 1183 4491 γ’
1208 4408 1376 4474 ἐπεικάσαι.
1417 4407 1460 4475 Of.
1478 4409 1518 4471 ad
1533 4408 1582 4473 Tr.
