3458 5254
318 415 378 478 182
853 432 1000 478 mnoorn

356 592 413 663 σὰς
436 593 492 675 ὑφ’
516 593 636 676 ἡδονῆς
659 593 779 674 φρένας
794 590 888 655 Dind.
928 591 1003 672 (Sed
1026 591 1083 663 σὰς
1098 612 1165 656 non
1182 593 1263 656 bene
1279 613 1298 654 a
1313 594 1433 676 φρένας
1449 613 1538 677 sepa-

311 686 419 761 ratur.)
458 683 578 764 φρένας
600 683 657 764 ὑφ’
673 682 791 764 ἡδονῆς
808 680 918 762 δαμεὶς
934 679 1049 744 Dium?
1087 681 1221 764 (Utique
1245 682 1355 764 δαμεὶς
1374 683 1467 747 facile
1483 702 1539 746 ex-

311 772 415 836 cidere
436 771 539 854 potuit
561 775 632 854 post
648 807 688 817 -—
707 771 822 853 δσνῆς.)
843 770 898 840 τὰς
913 771 1033 852 φρένας
1048 772 1177 855 φιληδίηι
1194 770 1325 853 Kayser.
1348 771 1403 842 τάς
1418 773 1539 855 φρένας

310 861 349 924 σύ
373 859 402 941 γ’
426 861 526 943 ἡδανῆ
551 862 621 943 conj
647 859 741 924 Mein.
764 860 820 930 τὰς
833 861 1042 941 παρεστώσας
1064 865 1131 936 (aut
1145 861 1311 944 παρούσας
1330 865 1395 939 σοι)
1419 863 1539 943 φρένας

310 951 416 1014 Herm
433 951 471 1012 A.
489 949 521 1012 6.
537 969 567 1032 p.
586 950 635 1012 15.
659 949 728 1013 coll.
748 949 796 1012 Tr.
815 951 832 1011 7
837 949 878 1012 36
895 968 941 1030 sq.
965 955 997 1012 et
1019 950 1073 1012 Ar.
1092 947 1150 1032 Eq.
1170 950 1255 1012 1119
1272 969 1316 1032 sq.
1340 949 1395 1020 τὰς
1418 952 1539 1032 φρένας
1651 987 1654 994 ·

311 1039 405 1103 σε’δεν
427 1039 520 1121 φίλης
537 1076 578 1084 -
596 1039 628 1102 F.
644 1038 694 1102 W.
712 1038 857 1102 Schmidt
872 1037 896 1102 I.
913 1039 977 1101 400
995 1057 1025 1100 n.
1063 1040 1131 1102 Aut
1146 1039 1201 1110 τὰς
1216 1040 1335 1122 φρένας
1352 1039 1392 1102 δι’
1409 1040 1538 1122 ἡδονὴν.

312 1131 377 1192 Aut
399 1128 453 1199 τὰς
476 1129 596 1210 φρένας
620 1127 696 1198 δοὺς
719 1128 828 1211 ἡδονῇ.
868 1128 935 1190 Aut
956 1126 1011 1198 τὰς
1026 1129 1146 1209 φρένας
1168 1133 1243 1209 μιᾶς
1266 1128 1365 1211 καλῆς
1388 1166 1443 1190 -.
1469 1131 1540 1192 Aut

310 1217 365 1287 τὰς
388 1218 507 1300 φρένας
529 1241 561 1279 τε
583 1217 637 1280 τόν
659 1241 691 1280 τε
714 1223 799 1289 νοῦν,
823 1223 877 1280 aut
899 1216 1007 1280 τόντε
1029 1223 1106 1280 ναῦν
1128 1218 1182 1280 καὶ
1204 1217 1259 1287 τὰς
1281 1219 1408 1300 φρένας.

402 1307 474 1369 649.
500 1307 603 1368 οὕνεκ’
627 1325 700 1369 mse.
725 1304 819 1369 Dind.
868 1303 948 1388 Lege
973 1307 1073 1370 εἵνεκ’.

402 1396 474 1458 650.
500 1396 611 1476 γίνεται
635 1395 672 1457 A.
697 1395 735 1459 Κ.
760 1394 793 1458 L.

401 1484 473 1546 652.
497 1487 517 1566 ῆ
541 1484 632 1566 φίλας
647 1484 760 1568 κακός]
784 1488 803 1568 ἡ
822 1485 936 1554 οἰκεῖος
951 1485 1053 1554 κακὸς
1068 1483 1163 1548 Mein.
1187 1485 1305 1565 (Cnosis
1320 1491 1356 1549 ut
1371 1487 1404 1548 in
1420 1485 1468 1548 Tr.
1486 1488 1537 1548 85.

311 1577 330 1656 ἡ
355 1573 542 1656 οἰχόμεσθ’.)
581 1572 768 1656 Sophoclem
797 1575 991 1657 scripturum
1019 1575 1117 1638 fuisso
1145 1575 1251 1657 potius
1278 1577 1297 1658 ἡ
1322 1575 1413 1657 λέχος
1435 1575 1539 1638 κακὸν

312 1663 494 1741 arbitratur,
519 1663 609 1725 utin
633 1661 708 1725 Eur.
732 1662 756 1724 l.
780 1664 818 1726 A.
845 1664 917 1726 390.

401 1751 474 1814 653.
499 1751 576 1814 ἀλλὰ
600 1752 719 1821 πτύσας
745 1752 802 1836 -]
832 1752 1016 1821 ἀποπτύσας
1040 1752 1069 1814 δ’
1094 1789 1134 1796 —
1160 1752 1256 1815 Mein.
1280 1753 1358 1817 ἀλλὰ
1382 1756 1539 1836 στυγήσας

312 1842 450 1904 ὥστε-
469 1839 563 1922 Mein.
581 1842 702 1923 (serius,
727 1841 761 1904 δὲ
786 1841 837 1904 nio
861 1860 926 1904 non
946 1842 1119 1906 convenire
1135 1842 1342 1921 existimans).
1373 1841 1539 1907 Nauolrius

311 1931 440 2014 corrigit
462 1930 522 2009 sic,
544 1968 584 1978 -
605 1931 727 2011 μεῖζον
761 1929 827 1993 ἀλλ’
861 1931 1045 2000 ἀποπτύσας
1069 1930 1074 2011 Ι
1098 1931 1155 2013 τὴν
1187 1930 1274 1994 παῖδ’
1307 1932 1340 1994 έν
1372 1932 1454 2013 ἡίδαυ
1479 1939 1536 1995 etc.

312 2018 490 2082 llleinelrins
523 2023 554 2081 et
585 2017 748 2082 Nauckius
776 2021 850 2098 jure
881 2020 1000 2089 πτύσας
1028 2024 1217 2102 suspectant.
1261 2017 1320 2094 Qu.
1353 2021 1539 2091 ἀποπτύσας

312 2107 369 2171 οὗν
398 2107 505 2191 (δῆθ’)
535 2108 616 2172 ὥστε
653 2108 795 2191 δυσμενῆ
819 2115 875 2171 ete.
915 2109 938 2172 Ι.
962 2129 988 2172 e.
1021 2128 1214 2191 respuens
1255 2111 1321 2172 Aut
1357 2110 1423 2172 ἀλλ’
1456 2111 1538 2174 ὥστε

312 2198 453 2279 δυσμενῆ
469 2197 523 2279 σφ’
540 2198 724 2267 ἀποπτύσας
741 2236 795 2260 -.
843 2199 909 2261 Aut
931 2198 1121 2279 ἀποστυγῶν
1145 2197 1203 2260 οὖν
1219 2199 1299 2261 ὥστε
1323 2199 1464 2282 δυσμενῆ
1480 2205 1538 2264 etc.

312 2288 380 2349 Aut
402 2287 587 2356 ἀποπτύσας
612 2285 640 2349 δ’
665 2324 719 2348 -.
770 2289 834 2350 Aut
861 2288 979 2357 πτύσας
1007 2287 1083 2350 ὡσεὶ
1113 2287 1155 2350 ’πὶ
1183 2287 1332 2370 δυσμενῆ.
1372 2288 1415 2351 Of.
1443 2291 1537 2352 1232.

310 2376 429 2446 πτύσας
452 2377 627 2458 προσώπῳ.
652 2374 699 2437 El.
725 2378 798 2438 234.
823 2377 914 2438 αὐδῶ
937 2376 1043 2459 μάτηρ
1067 2377 1145 2440 ὡσεί
1165 2401 1209 2446 τις
1232 2377 1332 2439 πιστά.

402 2465 474 2528 656.
498 2465 602 2534 πάσας
625 2463 663 2527 Κ.
688 2462 720 2527 L.
744 2466 848 2547 πάσης
872 2468 909 2527 Α.

403 2554 475 2617 657.
500 2555 560 2617 οὐκ
584 2554 745 2636 ἀπιστήσω
770 2555 807 2616 Α.

403 2645 474 2705 658.
498 2642 592 2705 τοῦδ’
616 2648 709 2725 (supr.
733 2642 759 2704 τ’
784 2665 802 2706 a
826 2664 864 2705 m.
890 2648 963 2722 ant.)
988 2644 1020 2706 L.

401 2733 474 2794 659.
498 2733 534 2794 τά
557 2731 583 2793 τ’
606 2730 645 2794 Κ.
669 2730 701 2794 L.
728 2733 795 2796 τάδ’
820 2737 886 2812 (aut
908 2731 943 2795 τὰ
969 2733 1013 2810 δ’)
1037 2735 1075 2796 Α.
1166 2734 1203 2795 τά
1227 2734 1255 2815 γ’
1280 2735 1390 2816 ἐγγενῆ
1408 2772 1446 2780 -
1464 2734 1539 2804 τοὺς

312 2823 375 2894 ἔξω
405 2820 531 2905 γένους]
560 2821 596 2884 τά
621 2829 756 2904 συγγενῆ
780 2861 820 2867 -
845 2823 918 2891 τούς
947 2822 974 2903 γ’
998 2824 1062 2895 ἔξω
1087 2823 1197 2904 γένους
1221 2822 1418 2887 Herwerden
1441 2825 1480 2887 A.
1505 2824 1537 2887 O.

311 2931 339 2993 p.
359 2912 417 2992 15.
443 2912 498 2993 qui
523 2909 604 2973 bene
627 2917 736 2974 monet
757 2911 946 2994 particulam
971 2935 1018 2993 γε,
1049 2913 1187 2992 quaein
1211 2914 1326 2994 protasi
1350 2932 1538 2996 supervaca-

311 3018 372 3062 nea
395 3007 455 3078 est,
479 3001 514 3062 in
538 2999 668 3082 apodosi
693 3003 821 3064 omnino
845 3002 972 3082 requiri.
1064 3002 1173 3084 ἕνγενῆ
1197 3001 1229 3065 L.
1254 3021 1298 3084 pr.

402 3089 474 3152 663.
499 3092 518 3171 ἡ
543 3088 676 3173 νόμους]
701 3089 758 3164 Qu.
782 3089 856 3160 τοὺς
879 3091 1007 3172 νόμους.

402 3178 474 3240 664.
499 3181 518 3260 ἡ
541 3178 766 3262 τούπιτάσσειν]
791 3177 849 3254 Qu.
866 3183 885 3262 ἡ
902 3180 1109 3243 κάπιτάσαειν.
1200 3186 1263 3249 τοῖς
1286 3187 1455 3260 κρατοῦσιν
1488 3182 1537 3244 έν-

310 3273 378 3330 νοεῖ
403 3268 440 3329 Α.
473 3273 537 3336 τοῖς
568 3268 777 3349 κρατύνουσιν
809 3275 875 3332 νοεῖ
898 3267 930 3332 L.
958 3290 1003 3352 pr.
1036 3275 1099 3338 τοῖς
1130 3275 1299 3349 κρατοῦσιν
1332 3270 1435 3332 έννοεῖ
1459 3289 1538 3332 corr.

311 3359 389 3435 (non
412 3355 452 3418 ab
476 3356 519 3438 6.,
543 3356 598 3419 sed
623 3377 641 3420 a
663 3357 769 3439 paullo
793 3359 968 3421 recentiore
992 3378 1046 3438 m,
1072 3365 1105 3420 ut
1129 3359 1274 3434 videtur).

401 3446 473 3508 666.
498 3444 633 3528 στήσειε]
657 3447 753 3528 στήση
779 3470 812 3527 γε
836 3448 915 3527 conj.
940 3445 1023 3528 Scyl.
1117 3449 1210 3510 τοῦδε
1233 3447 1311 3530 χρὴΙ
1340 3448 1434 3510 τοῦδε
1456 3455 1539 3531 χρῆν

310 3532 420 3596 lllnisl.
445 3535 485 3596 ad
508 3534 583 3597 Her.
609 3535 681 3596 959.
725 3537 805 3602 Fort.
829 3536 915 3599 τοῦδ’
940 3537 1044 3618 ἐχρῆν.

401 3625 474 3686 669.
500 3622 557 3699 Qu
581 3623 688 3693 καλῶς
711 3624 737 3686 τ’
761 3627 801 3686 ἀν
824 3625 938 3706 άρχειν,
963 3623 997 3688 εὖ
1021 3624 1046 3686 τ’
1070 3627 1109 3687 ἀν
1134 3665 1188 3686 --.
1318 3648 1319 3652 ’

401 3713 474 3774 672.
500 3713 534 3776 δὲ
558 3713 595 3775 Κ.
621 3711 681 3794 γάρ
697 3717 743 3775 ·Α.
767 3712 800 3776 L.
826 3734 909 3796 supr.
934 3714 972 3776 ab
997 3713 1026 3776 S.
1118 3717 1198 3777 ἔστιν
1222 3717 1259 3778 A.
1284 3715 1317 3779 L.
1342 3717 1403 3779 ἔστι
1427 3716 1464 3780 K.

401 3802 594 3865 673-676.
619 3801 740 3865 Versus
763 3803 895 3866 fortasse
919 3805 1026 3886 spurii.
1067 3803 1111 3867 cf.
1137 3804 1176 3866 ad
1201 3805 1264 3868 639
1282 3825 1326 3888 sq.

402 3892 474 3953 673.
498 3891 602 3960 πόλεις
629 3890 655 3953 τ’
685 3892 721 3953 Α.
751 3890 789 3954 Κ.
822 3892 911 3962 πόλις
940 3893 975 3954 δ’
1004 3891 1038 3972 (τ’
1067 3912 1150 3975 supr.
1180 3893 1218 3956 ab
1247 3893 1288 3972 S.)
1312 3892 1345 3955 L.
1379 3896 1487 3965 πόλεις
1512 3895 1538 3957 τ’

266 4010 271 4022 ·
311 3980 436 4042 ὄλλυσιν
460 3980 511 4062 ἡδ’
535 3981 728 4050 ἀναστάτους
751 3981 872 4044 Nauck.
897 3981 981 4063 Seyf.
1004 3982 1110 4051 πόλεις
1126 3985 1196 4062 (cm.
1213 3982 1250 4062 τ’)
1267 3983 1360 4047 Diod.
1401 3982 1445 4046 Of.
1463 3987 1537 4046 296.

310 4068 450 4132 Heiland
482 4069 594 4151 legerit
631 4070 708 4151 αὕτη
746 4070 851 4140 πόλεις
882 4070 908 4131 τ’
932 4071 1037 4133 ἀλλυσι
1069 4071 1130 4133 κάν
1162 4072 1249 4154 μάχη
1284 4071 1381 4153 δορδς
1404 4077 1471 4153 ete,
1503 4080 1538 4136 ut

311 4177 433 4240 aequus
449 4178 599 4222 versuum
623 4178 776 4222 numerus
800 4160 842 4221 sit
865 4161 897 4221 in
915 4159 1059 4222 Creontis
1075 4179 1221 4224 sermone
1233 4161 1298 4240 (41)
1315 4167 1346 4223 et
1361 4161 1537 4225 Haemonis

310 4248 539 4329 sermonum).
564 4246 625 4311 Sed
641 4249 749 4310 confer
764 4248 901 4312 similem
924 4248 1029 4311 locum
1049 4251 1112 4312 296
1129 4269 1174 4331 sq.
1198 4255 1308 4312 τοῦτο
1331 4250 1384 4312 καὶ
1406 4249 1513 4321 πόλεις
1531 4248 1533 4338 ἡ

310 4339 437 4418 πορθεῖ,
461 4337 540 4400 τόδ’
564 4337 683 4419 ἀνδρας
702 4338 893 4419 ἐξανίστησιν
917 4338 1037 4418 δόμων,
1060 4342 1063 4418 l
1084 4338 1162 4401 τάδ’
1187 4338 1365 4403 ἐκδιδάσκει
1382 4343 1438 4402 etc.
1478 4338 1535 4416 Qu.

311 4463 352 4470 —
364 4427 469 4489 ὅλλυσι
485 4427 739 4499 κάξαναστάταυς
761 4433 764 4498 Ι
786 4428 894 4496 οἴκους
909 4426 1039 4508 τίδησιν.
1108 4427 1160 4509 ἡδ’
1176 4429 1359 4513 rectevulg.
1383 4427 1439 4509 (Of.
1451 4428 1536 4508 674.)

310 4513 361 4598 ἡδ’
385 4514 425 4578 Μ.
450 4514 502 4598 ἡδ’
525 4513 647 4579 Nauck.
672 4515 755 4598 Scyl.
813 4521 815 4530 ’
