3450 5250
354 443 423 513 ala·
892 465 1040 514 Ammona

354 625 450 712 open
473 628 536 692 the
560 626 724 711 eyelids,
752 629 808 691 not
836 632 872 690 to
901 627 990 690 shut
1013 627 1119 690 them.
1166 626 1277 709 Addit,
1305 626 1396 690 valde
1420 626 1584 691 diversum

353 723 401 782 est
424 717 510 800 quod
533 717 669 800 γούνατα
693 717 745 781 uel
769 722 839 799 γυῖα
867 717 1070 780 morientium
1087 716 1218 779 λύεσθαι
1242 714 1278 799 [i.
1296 735 1321 779 e.
1345 717 1390 780 ‘to
1413 717 1486 799 give
1509 737 1583 798 way

354 811 385 870 to
410 803 515 892 sink']
544 807 709 889 dicuntur,
740 824 821 889 quae
849 807 1036 888 interpretes
1064 804 1194 888 quidam
1227 812 1456 888 compararunt.
1496 804 1584 870 Wie-

354 896 437 960 seler
459 897 589 979 conjicit
615 895 703 979 κλῄει
730 914 786 979 pro
810 895 893 968 λύει,
922 900 958 959 ut
988 894 1134 977 βλέφαρα
1157 894 1333 977 κεκλῇσθαι
1361 895 1509 960 dicuntur
1531 895 1583 958 Fr.

354 985 428 1047 635.
467 983 526 1060 Qu.
548 986 620 1068 μύει
644 985 799 1065 (closae,
823 983 957 1066 shuts),
981 988 1037 1046 aut
1058 982 1149 1046 κλείει
1172 983 1289 1066 (κλῄει).
1327 983 1372 1048 01.
1397 982 1462 1048 OR.
1488 985 1583 1047 1222.

353 1075 567 1158 κατεκοίμησα
588 1073 708 1157 τούμὸν
728 1075 828 1157 ὄμμα.
856 1071 1041 1136 Dindorfius
1057 1072 1211 1136 nonnulla
1231 1072 1387 1137 excidisse
1404 1074 1584 1157 suspicatur

354 1163 438 1228 inter
460 1163 546 1227 hunc
575 1169 606 1227 et
628 1181 730 1247 praec.
754 1182 782 1226 v.
806 1161 885 1226 Λύει
913 1167 1096 1246 corruptum
1124 1162 1263 1243 videtur,
1293 1162 1374 1226 solvi
1402 1163 1488 1226 enim
1514 1181 1583 1226 non

354 1253 417 1316 nisi
445 1252 531 1337 quod
555 1254 698 1317 vinctum
722 1257 788 1316 erat
816 1251 879 1314 dici
906 1257 1017 1335 potest.
1063 1250 1156 1327 Quod
1184 1250 1225 1313 ad
1247 1250 1388 1324 κελαινὰ,
1416 1252 1444 1314 si
1467 1252 1583 1315 allusio

354 1342 393 1405 ad
418 1342 529 1406 mortis
552 1342 697 1407 tenebras
721 1345 815 1424 esset,
839 1339 1020 1404 Meinekius
1043 1340 1209 1404 σκοτόεντο
1234 1345 1289 1404 aut
1311 1339 1453 1404 cudraed
1478 1342 1584 1424 aptius

354 1430 528 1515 epithetum
542 1431 609 1495 fore
626 1431 782 1495 admonet.
851 1428 978 1493 κελαινὰ
989 1428 1043 1513 -]
1063 1428 1122 1506 Qu.
1138 1428 1280 1493 σκοτεινὰ
1296 1429 1446 1509 (tenebris
1462 1429 1582 1509 offusa).

353 1519 410 1601 (01.
433 1520 483 1602 Aj.
501 1520 552 1583 85.
576 1522 730 1584 σκοτώσω
753 1519 919 1604 βλέφαρα).
965 1519 1033 1584 Aut
1054 1519 1190 1582 τάλαινα.
1229 1520 1296 1582 Aut
1315 1519 1452 1601 uolutaui
1467 1518 1582 1602 (ξίφει),

355 1614 411 1673 aut
437 1609 565 1692 κελαινῇ
593 1608 750 1692 (σφαγίθι,
779 1607 911 1689 κοπίδι).
955 1606 1000 1672 01.
1023 1607 1073 1690 Aj.
1098 1608 1172 1672 231.
1204 1608 1358 1678 κελαινοῖς
1390 1608 1500 1691 ξίφεσι.
1533 1609 1583 1672 Tr.

354 1699 427 1762 856.
451 1697 578 1762 κελαινὰ
601 1698 709 1782 λόγχα.

445 1805 539 1868 1303.
564 1804 666 1870 ὰεινὸν
689 1808 756 1887 (aut
778 1802 916 1888 οἰκτρὸν]
938 1803 1042 1886 μόρον
1058 1804 1138 1885 conj.
1160 1801 1255 1867 Dind.
1278 1804 1365 1874 τέλος
1388 1805 1469 1888 conj.
1485 1804 1583 1869 Mein.

353 1893 446 1960 κενὸν
478 1895 569 1977 λέχος
601 1892 687 1978 Scyl.
719 1894 854 1977 (“ducta
885 1892 1090 1958 translatione
1118 1890 1157 1955 ab
1189 1892 1265 1955 nido
1294 1895 1377 1974 avis;
1411 1893 1584 1974 014233]

353 1982 464 2048 κοινὸν
486 1984 595 2054 πάθος
610 1985 690 2067 conj.
707 1981 792 2066 Seyf.
832 1981 890 2059 Qu.
915 1980 1018 2046 ὰεινὰν
1040 1981 1145 2064 λάχος.
1185 1979 1246 2044 Sed
1261 1982 1372 2064 λάχος,
1397 2001 1584 2066 quanquam

355 2073 476 2156 pluries
508 2072 593 2156 apud
615 2073 826 2156 Aeschylum,
859 2090 1017 2153 nusquam
1045 2070 1130 2154 apud
1158 2069 1344 2154 Sophoclem
1372 2076 1427 2136 aut
1455 2072 1585 2158 Eun'pi-

355 2161 429 2227 dem
448 2162 579 2245 legitur.-
615 2160 660 2224 ef.
683 2161 731 2226 Tr.
756 2161 922 2245 27..λέχος
944 2160 1052 2244 (λάχος
1074 2158 1183 2239 Harl).

445 2267 985 2333 mmmmuhemh

450 2359 543 2421 1305.
567 2357 712 2442 πράξεις]
735 2355 1059 2441 βάξειςΗο1111300111.

446 2447 539 2510 1300.
564 2446 599 2510 αλ
619 2446 654 2511 αῖ
673 2446 709 2511 αῖ
729 2446 764 2512 αλ
785 2448 822 2510 A.
845 2445 883 2509 K.
906 2444 941 2509 L.
1010 2470 1057 2529 γρ.
1081 2445 1206 2530 καιρίαν
1221 2447 1268 2511 01)
1292 2444 1322 2510 S.
1346 2447 1383 2511 in
1405 2446 1438 2510 L.
1706 2471 1707 2482 ¹

349 2551 350 2556 ’
446 2535 540 2599 1309.
564 2537 690 2601 ἔπαισεν
705 2535 744 2600 Κ.
760 2536 794 2600 L.
810 2537 918 2600 ἔπαισε
934 2537 972 2599 A.
1044 2535 1257 2620 ἀμφιθήκτῳ]
1274 2535 1359 2619 Lege
1375 2537 1584 2621 ἀμφιθάκτῳ.
1706 2535 1707 2592 l

447 2621 542 2688 1310.
565 2630 627 2707 φεε
661 2630 723 2709 aa
747 2627 786 2688 A.
809 2624 848 2689 11.
873 2624 906 2689 ι..
940 2644 1022 2688 am.
1046 2645 1107 2689 rec.
1140 2627 1208 2689 aaz
1232 2625 1296 2688 an.
1319 2623 1415 2689 mna.
1462 2625 1586 2690 uersus

356 2714 575 2797 dochmiacus‚
608 2720 644 2778 ut
666 2714 804 2795 videtur,
836 2714 942 2778 media
965 2713 1090 2797 syllaba
1115 2716 1151 2779 in
1175 2713 1308 2786 δείλαιος
1331 2721 1487 2800 correpta,
1520 2716 1587 2779 nisi

349 2804 526 2887 legendum
550 2803 680 2874 ὰείλοος.
725 2803 908 2888 Respondet
931 2819 959 2866 v.
986 2804 1079 2867 1332.

445 2893 539 2955 1311.
564 2890 699 2975 δειλαίᾳ]
724 2892 851 2956 θειλοίαι
875 2894 896 2973 (ι
919 2891 989 2956 add.
1014 2912 1032 2956 a
1056 2913 1096 2956 m.
1120 2895 1192 2975 rec.)
1215 2892 1249 2957 L.

445 2982 538 3045 1312.
564 2982 658 3045 1315.
681 2980 766 3066 ΕΞ]
790 2983 839 3064 ἀγ.
863 2982 896 3044 in
920 2980 953 3045 L.

446 3071 540 3134 1313.
565 3071 776 3156 ἐπεσκήπτου]
809 3070 1000 3154 Corruptum
1032 3071 1167 3136 videtur.
1211 3071 1293 3136 Fort.
1318 3072 1499 3154 ἕπερρόθου
1524 3073 1585 3154 (Tr.
1706 3125 1707 3152 ³

349 3159 450 3239 264).
517 3160 613 3251 μόραν
637 3161 676 3239 A.
699 3160 738 3224 Κ.
761 3160 869 3244 μόραι
892 3159 925 3223 L.
948 3160 1063 3244 μόρων
1086 3161 1150 3225 duo
1174 3180 1248 3225 mss.
1272 3159 1366 3225 Dind.

448 3267 541 3329 1314.
566 3268 633 3331 Aut
655 3269 740 3350 ποίῳ
764 3267 799 3331 δὲ
823 3267 862 3351 δὴ
886 3307 983 3330 υ--.
1073 3267 1278 3352 κάπελύσατ’]
1301 3268 1449 3332 κάλύσατ’
1474 3269 1586 3350 (schol.

356 3356 475 3437 ἐλύετο)
507 3356 628 3420 Nauck.
661 3357 749 3441 prob.
776 3356 899 3421 Weckl.
939 3355 996 3432 Qu.
1019 3358 1213 3439 κάπέιμνξεν.
1253 3357 1313 3439 (ef.
1341 3358 1381 3421 ad
1409 3360 1459 3441 Aj.
1486 3359 1585 3422 1031.

355 3445 518 3528 ἀπέψυξεν
540 3447 630 3531 βίον).
668 3445 736 3510 Aut
757 3446 976 3520 κάξέπνευσεν.
1000 3446 1125 3528 (Aesch.
1142 3449 1201 3530 Ag.
1220 3447 1314 3510 1461.
1331 3448 1439 3530 ἀσεβεῖ
1450 3448 1587 3530 θανάτῳ

354 3535 425 3617 βίον
448 3535 599 3599 ἐκπνέων.
623 3535 699 3598 Eur.
723 3535 793 3598 Hel.
820 3536 892 3598 142.
916 3541 1111 3618 σφαγαῖς-
1128 3536 1296 3599 ἐκπνεῦσαι
1318 3537 1409 3619 βίον]
1456 3535 1519 3600 Sed
1543 3539 1585 3601 cf.
1706 3547 1707 3550 ’

355 3621 448 3687 1208.
477 3625 602 3698 ἔθανες,
626 3624 790 3708 ἀπελύθης
812 3627 902 3708 ἐμαῖς
926 3663 968 3673 -
993 3625 1200 3708 δυσβουλίαις.
1291 3627 1325 3689 ἐν
1347 3632 1461 3708 φοναῖς
1485 3629 1585 3709 (supr.

353 3713 397 3784 είς
419 3713 522 3796 φανὰς
546 3713 584 3777 ab
608 3712 650 3794 S.)
674 3713 706 3777 L.

443 3821 537 3884 1315.
562 3820 617 3905 ὑφ’
642 3820 674 3884 L.
699 3820 750 3905 ἐφ’
774 3822 812 3884 A.
835 3841 882 3905 pr.
950 3820 1048 3905 αὐτὴν
1071 3820 1105 3884 L.
1128 3821 1226 3904 αὐτὴν
1249 3824 1287 3885 A.
1311 3819 1349 3884 K.

444 3910 537 3973 1317.
562 3911 647 3992 ὤμοι
668 3933 725 3993 μοι
748 3909 786 3974 Κ.
810 3909 845 3973 L.
868 3912 953 3992 ᾤμοι
975 3933 1032 3992 μοι
1056 3911 1093 3972 A.
1117 3911 1157 3974 ἰώ
1179 3935 1235 3994 μοι
1258 3911 1378 3974 Nauck.

445 3999 539 4064 1319.
563 4001 591 4062 o'
616 4006 686 4083 post
709 3999 773 4081 ἐγὼ
798 4019 858 4063 om.
874 4002 912 4064 A.
928 3998 967 4063 Κ.
992 3998 1025 4064 Ιι.
1049 3999 1078 4063 α’
1102 3999 1171 4062 add.
1195 3998 1304 4064 Herm.
1328 3998 1423 4063 Dind.
1464 3999 1522 4076 Qu.
1539 4036 1586 4046 —

353 4087 418 4169 ἐγὼ
441 4088 553 4171 μέλεος
577 4089 715 4152 ἔκτανον.
739 4088 960 4153 Blomfieldius
983 4086 1099 4152 frustra
1114 4089 1235 4152 hiatum
1252 4089 1393 4153 defendit
1408 4108 1449 4153 ex
1465 4091 1585 4156 Aesch.

352 4181 413 4260 Ag.
432 4177 526 4240 1228.
552 4179 584 4241 οἲ
604 4178 683 4260 ἐγώ,
707 4179 780 4260 ἐγώ.
849 4179 964 4242 ἔκανον
981 4181 1018 4242 A.
1035 4177 1068 4241 L.
1093 4179 1224 4242 ἔκτανον
1240 4176 1278 4240 Κ.
1347 4177 1586 4244 0100511.

444 4284 538 4347 1320.
563 4283 627 4366 ἐγὼ
650 4287 732 4368 φᾶμ’
756 4283 789 4348 L.
859 4286 974 4368 έτυμον
997 4285 1034 4349 Κ.
1059 4285 1092 4350 L.

444 4373 537 4436 1321.
561 4374 607 4436 ὅτι
638 4372 749 4457 τάχος]
788 4373 871 4457 Lege
909 4374 954 4437 ὅτι
990 4376 1105 4458 τάχιστ’
1130 4412 1186 4438 -.
1232 4375 1275 4439 Et
1311 4375 1358 4440 sic
1394 4375 1458 4438 Erf.
1497 4373 1586 4458 Seyf.
1706 4443 1707 4448 ,

352 4461 610 4614 (01301οΪ1340.
639 4463 768 4546 dadyet’
797 4463 942 4527 ἐκτόπιον
971 4464 1015 4527 ὅτι
1038 4465 1164 4548 τάχιστά
1187 4466 1247 4548 με.)
1339 4464 1501 4549 ε’κποὰὼν]
1530 4467 1585 4529 ε’κ-

352 4575 396 4614 πο
419 4575 466 4616 ων
517 4599 522 4612 .
