3476 5256
699 822 1041 905 LECTORI.

344 1122 395 1186 Ex
420 1141 482 1205 quo
506 1119 661 1186 editiones
684 1121 848 1206 Sophoclis
876 1119 1056 1185 faunorum
1078 1139 1169 1185 meae
1197 1119 1403 1204 prodierunt1
1426 1120 1481 1185 ob-

253 1229 450 1295 servationes
473 1228 626 1312 plurimas
650 1233 719 1292 tum
743 1228 806 1292 mei
835 1229 936 1312 ipsius
959 1232 1027 1292 tmn
1056 1227 1192 1291 aliorum
1215 1228 1340 1292 criticas
1363 1228 1480 1293 identi-

255 1339 328 1403 dem
356 1337 391 1400 in
419 1336 544 1400 schedis
571 1336 650 1400 meis
678 1335 839 1419 descripsi.
885 1334 953 1399 Has
981 1355 1068 1400 nunc
1096 1335 1155 1400 hoc
1182 1336 1333 1400 volumen
1362 1336 1480 1420 ample·

258 1451 344 1510 ctens
369 1444 461 1528 quasi
484 1443 739 1527 supplementum
756 1443 934 1509 editionum
949 1461 1093 1506 mearum
1115 1441 1226 1506 haberi
1241 1447 1351 1526 potest
1381 1442 1480 1508 Doleo

257 1553 387 1635 quidem
410 1550 450 1614 ad
473 1551 701 1614 accuratiorem
718 1549 975 1614 observationum
991 1551 1103 1614 harum
1119 1550 1339 1614 recensionem
1361 1551 1481 1615 facien·

255 1660 328 1724 dam
351 1677 457 1741 neque
481 1659 622 1741 vigorem
645 1658 725 1720 mihi
748 1676 853 1740 neque
877 1659 977 1721 otium
999 1657 1112 1737 fuisse;
1141 1658 1371 1741 octogesimum
1395 1660 1481 1723 enim

255 1766 367 1830 aetatis
400 1783 521 1829 annum
554 1784 665 1849 agens,
702 1767 848 1849 quamvis
881 1763 941 1828 Dei
977 1766 1079 1848 gratia
1119 1765 1196 1829 satis
1232 1764 1324 1831 firma
1356 1767 1478 1831 valetu-

255 1874 330 1937 dine
345 1873 454 1937 fruens
469 1873 509 1936 ad
525 1873 709 1955 hujusmodi
726 1891 805 1956 opus
821 1870 961 1937 laborem
981 1891 1111 1956 gravem
1131 1874 1311 1955 mentisque
1327 1874 1482 1938 exercita-

255 1982 375 2045 tionem
390 1981 561 2063 plurimam
578 1981 710 2064 exigens
726 1980 966 2064 suscipiendum
982 1999 1076 2063 aegre
1094 1998 1143 2043 me
1159 1981 1325 2064 accingere
1341 2000 1480 2064 possum.

346 2085 430 2162 Quot
460 2090 495 2150 in
528 2085 692 2172 Sophoclis
724 2086 840 2151 fabulis
872 2086 1084 2171 corruptelae,
1119 2087 1236 2152 multae
1269 2088 1480 2171 proculdubio

255 2200 468 2279 pervetustae,
495 2194 613 2258 lateant
640 2194 789 2257 omnibus
816 2199 929 2258 notum
952 2199 1007 2258 est.
1053 2193 1107 2277 Et,
1135 2214 1236 2277 quum
1264 2195 1389 2258 nullum
1414 2216 1480 2259 am·

255 2303 339 2387 plius
362 2302 520 2390 auxilium
549 2321 590 2365 ex
618 2303 727 2384 paucis
755 2303 823 2385 ejus
851 2301 1016 2366 codicibus
1039 2302 1262 2384 manuscriptis
1293 2304 1349 2384 qui
1372 2308 1483 2367 extant

255 2410 394 2474 derivari
417 2427 508 2492 posse
531 2408 690 2491 videatur,
719 2409 757 2472 ad
786 2411 1013 2492 coniecturam,
1042 2409 1126 2492 quod
1155 2411 1258 2474 solum
1282 2412 1349 2493 jam
1376 2430 1478 2476 reme-

255 2517 345 2580 dium
373 2521 481 2600 restat,
514 2516 765 2600 confugiendum
793 2521 867 2580 erat.
914 2515 959 2580 Ut
986 2536 1061 2580 vero
1089 2517 1223 2581 feliciter
1256 2517 1328 2601 quis
1359 2519 1393 2581 in
1422 2519 1480 2583 hac

255 2644 288 2689 re
317 2624 442 2689 lubrica
470 2629 626 2706 versetur,
660 2624 720 2688 hoc
748 2624 908 2708 imprimis
940 2624 1154 2688 necessarium
1183 2629 1244 2706 est,
1277 2630 1312 2688 ut
1343 2628 1482 2690 auctoris

255 2733 356 2816 ipsius
380 2731 551 2796 dictionem
575 2732 756 2815 mentisque
778 2732 919 2796 indolem
936 2751 972 2795 ac
988 2733 1125 2795 colorem
1142 2731 1312 2816 diligenter
1328 2734 1483 2818 observet,
1585 2815 1592 2830 ι

256 2844 288 2903 et
310 2859 351 2902 ex
374 2839 434 2902 hoc
449 2859 529 2922 puro
551 2839 638 2903 fonte
653 2838 740 2902 locos
756 2839 942 2922 corruptelis
962 2837 1140 2903 laborantes
1155 2839 1324 2904 emendare
1341 2846 1481 2906 conetur.

255 2945 427 3028 Equidem,
450 2947 532 3010 hanc
552 2951 653 3010 tutam
670 2946 900 3010 emendationis
916 2947 1002 3009 viam
1026 2951 1152 3030 mnens,
1175 2946 1311 3012 libenter
1333 2947 1482 3032 profiteor

257 3055 395 3118 maxime
423 3054 504 3117 mihi
531 3055 688 3138 proluisse
718 3054 991 3118 accuratissimum
1019 3059 1052 3118 et
1079 3075 1121 3119 ex
1150 3055 1237 3117 omni
1264 3059 1353 3138 parte
1377 3056 1481 3120 excel-

257 3161 470 3225 lentissimum
487 3161 640 3227 Gulielmi
656 3161 814 3226 Dindoriii
829 3160 974 3226 Lexicon
989 3162 1213 3246 Sophocleum,
1237 3163 1322 3245 quod
1347 3168 1381 3226 ut
1403 3162 1482 3227 libe

256 3270 323 3332 rius
347 3289 449 3352 aequo
474 3288 515 3333 ex
538 3270 600 3333 alio
624 3268 705 3334 bene
726 3275 800 3334 noto
816 3269 935 3333 Lexieo
957 3269 1131 3353 Sophocleo
1155 3269 1359 3353 compilatum
1383 3270 1482 3334 tribu-

257 3375 375 3440 nalium
395 3376 516 3460 judicio
540 3395 745 3459 suppressum
769 3395 838 3440 esse
862 3378 1078 3461 maximopere
1101 3376 1275 3441 dolendum
1300 3385 1354 3441 est.

343 3483 384 3547 In
399 3483 588 3566 conjecturis
603 3483 758 3549 faciendis
775 3483 853 3547 dum
868 3504 993 3548 summa
1016 3486 1092 3564 (non
1107 3488 1228 3566 tamen,
1252 3503 1358 3567 spere,
1383 3485 1480 3547 nimis

256 3591 437 3672 temeraria)
469 3590 614 3655 libertate
650 3610 728 3655 usus
766 3611 850 3674 sum,
886 3591 921 3654 in
958 3591 1037 3655 locis
1069 3591 1178 3654 multis
1209 3592 1276 3656 fere
1308 3590 1481 3675 desperatis

255 3717 322 3761 non
353 3717 424 3762 raro
458 3699 654 3782 corruptelae
687 3699 795 3762 sedem
827 3699 969 3762 indicare
1007 3700 1083 3762 satis
1115 3699 1226 3781 habui,
1259 3718 1347 3782 spem
1369 3699 1482 3763 fovens

256 3805 328 3869 aliis
356 3824 407 3869 me
439 3804 636 3869 felicioribus
667 3806 844 3874 remedium
876 3806 1047 3890 aliquando
1079 3807 1115 3869 in
1147 3811 1285 3871 mentem
1311 3811 1482 3871 venhrrum

258 3931 335 3977 esse.
382 3911 565 3985 Certissima
588 3913 666 3976 mihi
689 3919 843 3996 extraque
867 3932 994 3977 omnem
1015 3914 1247 3978 dubitationem
1270 3915 1372 3998 posita
1395 3915 1482 3978 vide-

256 4025 310 4084 tur
333 4019 511 4084 emendatio
535 4039 607 4085 mea
625 4022 816 4104 jamdudum
838 4022 999 4106 proposita
1023 4021 1098 4086 Oed.
1116 4019 1151 4083 R.
1168 4023 1241 4086 420.
1265 4023 1345 4106 βοῆς
1370 4021 1404 4086 δὲ
1427 4029 1482 4106 τῆς

345 4232 372 4301 1)
391 4231 454 4286 thes
480 4232 583 4301 priores
611 4232 715 4288 fabulae
734 4233 862 4304 (Oedipus
881 4233 953 4304 Rex,
982 4233 1100 4303 Oedipus
1118 4233 1264 4304 Coloneus,
1292 4236 1319 4288 et
1336 4233 1481 4305 Antigone)

142 4329 144 4334 '
254 4319 283 4374 in
294 4320 460 4376 Bibliotheca
471 4320 588 4377 Classica
601 4321 755 4392 prodierunt
767 4338 835 4378 anno
856 4323 932 4378 1859.
952 4323 1116 4392 (Whittaker
1133 4324 1185 4378 and
1205 4323 1235 4377 G.
1255 4322 1328 4393 Bell,
1347 4323 1481 4391 London);

253 4409 371 4479 reliquae
389 4412 516 4481 quattuor
534 4411 721 4481 (Philoctetes,
740 4412 906 4482 Trachinius,
925 4412 1031 4468 Electra
1049 4416 1076 4466 et
1089 4413 1167 4483 Aiax)
1187 4413 1265 4469 annis
1285 4411 1480 4470 raro-1875.

254 4499 303 4571 (W
303 4499 400 4557 illiams
418 4501 469 4556 and
487 4500 617 4586 Ncrgate,
636 4501 768 4573 Londcn).
