3458 5254
718 471 844 514 0A1>1Pus
867 471 1018 516 οοιοαασε
1418 455 1478 517 101

216 635 219 644 ’
253 629 300 692 ΕΙ.
326 631 398 692 548.
422 631 580 713 βούλομαι
604 631 733 712 ἐρέσθαι
756 636 814 693 σοῦ
838 632 1025 714 κασιγνήτου
1049 633 1128 714 πέρι.
1168 632 1385 716 Compositum
1409 634 1479 696 ἐπε-

253 719 366 800 ρέσθαι
394 739 553 801 nusquam
586 719 662 782 alibi
690 719 807 802 legitur
841 721 926 802 apud
954 719 1061 804 Soph.,
1093 722 1148 785 sed
1181 719 1320 805 simplex
1351 723 1481 804 ἐρέσθαι

253 808 435 890 aliquotieS‚
467 809 549 872 Phil.
575 808 647 871 576.
673 810 718 891 μή
745 809 802 872 νόν
828 808 863 890 μ’
892 810 948 892 ἔργγ
978 809 1015 872 τὰ
1038 810 1164 875 πλείον’.
1197 810 1262 875 ΟΒ.
1287 813 1359 875 749.
1386 811 1480 876 1166.

343 987 416 1049 559.
440 986 470 1069 χ’
494 988 514 1069 ἡ
539 987 573 1050 Β.
597 985 635 1050 Κ.
725 988 926 1070 παραστάτης
949 986 987 1050 K.
1012 1008 1057 1071 pr.

343 1076 416 1140 561.
440 1076 552 1146 ὁποίας
576 1078 614 1138 A.
638 1077 672 1139 B.
697 1075 735 1138 K.
759 1075 792 1139 L.
817 1096 861 1159 pr.
886 1077 999 1147 ὁποίας
1022 1078 1051 1140 σ’
1075 1073 1158 1142 corr.
1179 1079 1219 1159 (α’
1243 1081 1349 1142 forsan
1373 1078 1412 1142 ab
1429 1078 1479 1159 8.).

343 1166 415 1228 562.
440 1165 468 1247 γ’
492 1164 587 1236 αὐτὸς
609 1165 643 1229 Β.
667 1164 706 1228 Κ.
730 1165 761 1229 Τ.
791 1166 875 1249 vulg.
899 1165 1046 1231 Doederl.
1148 1168 1195 1238 ὡς
1218 1167 1425 1252 ἐπαιδεύθην]
1450 1169 1484 1231 σῖ

254 1292 294 1300 -
320 1254 442 1318 Weckl.

343 1345 416 1406 563.
439 1347 469 1426 χ’
493 1345 539 1415 ὥς
562 1344 596 1407 Β.
619 1343 658 1407 Κ.
698 1344 756 1421 Qu.
781 1345 814 1408 ἒν
836 1345 925 1408 πόλει
948 1347 1015 1427 (aut
1037 1346 1138 1427 πέδῳ)
1166 1344 1285 1429 Θήβης.

269 1477 271 1480 -
342 1434 415 1496 564.
438 1434 523 1515 κράα
547 1431 585 1495 Κ.
609 1457 689 1517 κρατ
712 1435 808 1517 (supr.
832 1458 852 1497 ο
877 1454 896 1496 a
919 1454 958 1496 m.
982 1455 1028 1518 pr.
1052 1440 1084 1498 et
1106 1435 1166 1499 del.
1189 1438 1215 1515 τ)
1239 1433 1272 1497 L

343 1524 415 1585 565.
440 1522 501 1604 γὰρ
524 1523 558 1585 Β.
583 1521 622 1585 Κ.
644 1523 676 1586 Τ.
701 1546 735 1603 γε
759 1526 796 1586 A.
821 1543 866 1606 pr.
891 1523 919 1604 γ’
935 1525 975 1587 ἂν
991 1523 1093 1588 Vauv.
1111 1524 1205 1588 Mein.
1230 1524 1305 1588 ὥστ’
1329 1527 1367 1588 οὐ
1389 1526 1479 1598 ξένον

253 1612 281 1694 γ’
305 1614 344 1675 ἂν
377 1612 472 1676 οὐδὲν
504 1613 566 1689 (sic
589 1611 639 1694 L.)
676 1612 747 1676 ὄνθ’
785 1612 894 1676 Herm.
934 1611 1044 1676 Malim
1076 1614 1150 1677 ὥστ’
1183 1615 1222 1677 οὐ
1255 1615 1346 1687 ξένον
1378 1615 1407 1697 γ’
1425 1615 1479 1677 -ἂν

252 1701 357 1765 οὐδέν’
381 1700 462 1765 ὄνθ’.
502 1701 546 1765 01.
571 1701 609 1764 ad
634 1703 686 1763 45.
777 1701 872 1765 οὐδὲν
895 1702 929 1766 Β.
953 1700 991 1766 Κ.
1015 1702 1047 1766 Τ.

342 1791 415 1854 566.
438 1790 484 1873 μὴ
509 1791 548 1854 οὐ
571 1793 609 1854 A.
633 1790 667 1852 B.
692 1790 729 1854 K.
757 1790 793 1873 μ’
822 1792 860 1854 οὐ
898 1794 933 1874 (η
959 1792 1065 1873 eraso)
1088 1791 1121 1856 L.
1217 1794 1427 1867 σονεκσώζειν
1450 1794 1479 1857 α’

251 1881 285 1942 Β.
310 1879 347 1942 Κ.
371 1879 403 1943 Τ.
427 1881 647 1954 σονεκσώιζειν
670 1879 699 1943 α’
723 1879 756 1943 L.

342 1970 414 2032 567.
439 1969 505 2033 ἐπεὶ
525 1969 529 2052 Ι
550 1969 662 2054 ἔξοιδ’]
688 1969 760 2052 Leg.
776 1969 843 2033 ἐπεὶ
864 1967 868 2052 ]
889 1967 968 2052 εὖγ’
985 1972 1051 2052 (aut
1066 1967 1112 2049 εὖ)
1128 1969 1198 2034 οἶδ’.
1270 1963 1300 2054 χ’
1317 1972 1373 2035 ὥτι
1389 1972 1424 2034 Β.
1440 1970 1479 2036 Κ.

297 2060 444 2142 ἒσοόριον
467 2057 505 2121 Κ.
529 2061 563 2130 ἐς
585 2060 697 2140 αὔριον
720 2059 754 2122 Β.
778 2059 811 2122 L.
834 2058 866 2120 Τ.
891 2060 934 2129 εἷς
957 2061 1069 2142 αὔριον
1092 2057 1187 2122 Dind.

342 2150 414 2212 569.
443 2147 563 2231 Θησεῦ,
591 2155 742 2212 τοσοῦτον
774 2147 869 2218 αὐτὸς
896 2149 929 2211 ἐν
957 2157 1085 2232 σμικρῷ
1116 2150 1203 2231 λογῳ
1224 2149 1229 2233 Ι
1250 2153 1277 2232 γ’
1289 2151 1321 2231 (Ι)
1350 2151 1479 2233 εἴρηκας

251 2239 332 2302 ὥστε
356 2276 397 2284 -
422 2237 578 2302 0161111011.

341 2329 414 2391 570.
437 2329 552 2411 βραχέ’
570 2327 641 2409 ἐμοὶ
666 2327 788 2390 δεῖσθαι
811 2328 932 2410 φράσαι
954 2327 989 2391 Β.
1006 2326 1043 2391 K.
1060 2327 1091 2391 T.
1114 2327 1229 2411 βραχέ’
1253 2330 1302 2411 ἔμ’
1320 2329 1478 2392 ἐνδεῖσθαι

249 2418 371 2500 φράσαι
388 2416 507 2482 Weckl.
530 2418 645 2501 βραχέ’
670 2416 741 2498 ἐμοὶ
756 2417 878 2499 φράσαι
900 2417 987 2498 πάρα
1008 2416 1126 2481 Hense.
1149 2419 1263 2500 βραχέ’
1288 2418 1477 2501 ἀμείβεσθαι

249 2548 273 2569 ο
287 2562 310 2570 -
332 2507 447 2571 Naber.
487 2505 545 2582 Qu.
569 2507 690 2588 βραχέα
715 2507 767 2569 σοί
786 2530 828 2588 με
852 2505 916 2569 δεῖν
939 2512 1006 2584 (aut
1030 2506 1093 2569 δεῖν
1116 2508 1158 2588 με’
1180 2509 1239 2587 σοι)
1263 2509 1393 2590 φράσαι.

341 2597 413 2659 571.
436 2598 471 2678 μ’
496 2616 555 2659 om.
580 2594 617 2657 K.
708 2595 786 2678 κάφ’
815 2594 902 2679 ὅτου]
932 2594 989 2671 QU.
1017 2596 1080 2668 κάξ
1107 2595 1190 2659 ότοο.
1235 2595 1279 2659 01.
1302 2597 1353 2678 Aj.
1379 2598 1474 2661 1289.

255 2687 347 2749 1299.
371 2686 419 2749 Fr.
445 2686 497 2763 94,
514 2686 542 2748 3.
723 2703 725 2708 ·

341 2776 413 2838 574.
437 2773 499 2858 χώ]
522 2776 552 2856 χ’
576 2775 605 2837 ὡ
629 2773 662 2837 L.

341 2866 413 2927 575.
437 2863 514 2927 αὐτὸ
538 2869 595 2926 νῦν
617 2864 656 2926 A.
680 2862 714 2924 B.
739 2861 776 2925 K.
801 2869 858 2927 etc.
883 2863 960 2926 αὐτό
983 2887 1040 2927 νον
1062 2863 1094 2926 Τ.

341 2955 413 3017 578.
437 2952 593 3037 κρείσσον’
616 2950 655 3014 Κ.
678 2958 824 3034 κρεῖσσον
848 2952 882 3014 Β.
905 2951 938 3015 Τ.

341 3044 413 3106 579.
437 3044 525 3125 ἥκεις
548 3040 585 3104 K.

340 3133 412 3196 580.
436 3140 483 3214 τῷ
505 3131 636 3215 παρόντι
659 3129 735 3214 που]
759 3140 806 3213 τῷ
828 3131 959 3215 παρόντι
978 3155 1031 3195 πω
1047 3131 1153 3196 Herw.
1195 3130 1253 3207 Qu.
1276 3139 1324 3213 τῷ
1346 3133 1478 3214 παρόντι

251 3229 315 3286 νῦν.
353 3221 396 3284 Et
418 3222 465 3285 sic
488 3221 584 3286 Mein.
625 3219 669 3283 01.
685 3220 733 3282 Tr.
753 3221 847 3284 1169.
870 3221 980 3304 χρόνῳ
1002 3228 1049 3303 τῷ
1072 3223 1165 3294 ζῶντι
1187 3221 1242 3284 καὶ
1264 3223 1396 3302 παρόντι
1412 3227 1477 3285 νῦν.

254 3312 323 3374 174.
347 3311 467 3394 χρόνον
490 3317 546 3374 τοῦ
569 3316 626 3373 νῦν
649 3310 815 3391 παρόντος.
848 3308 895 3373 ΕΙ.
923 3311 1016 3372 1293.
1040 3318 1087 3392 τῷ
1114 3311 1246 3392 παρόντι
1274 3316 1331 3373 νῦν
1360 3311 1477 3393 χρόνῳ.

341 3402 413 3464 581.
436 3399 539 3483 ποίῳ]
564 3398 622 3475 QU.
646 3399 747 3481 πόσῳ.
787 3398 833 3462 01.
857 3399 897 3462 ad
922 3402 981 3463 Av.
1006 3399 1079 3462 920.
1102 3400 1182 3463 Aeh.
1207 3401 1258 3462 83.

341 3492 414 3553 583.
437 3489 474 3553 τὰ
498 3488 612 3552 λοίσθι’
628 3488 663 3550 Β.
678 3487 711 3551 Τ.
735 3489 772 3551 τὰ
796 3487 909 3552 λοῖσθῖ
933 3488 1066 3572 (inserto
1090 3489 1152 3571 ἄρ’)
1176 3487 1215 3551 Κ.
1240 3487 1298 3564 Qu.
1314 3487 1351 3552 τὰ
1375 3489 1478 3553 λοῖσθ’

249 3577 353 3750 χχΙμῖπ]
377 3581 495 3643 ε’παιτεῖ
515 3579 633 3660 (1364.)
657 3584 713 3642 τοῦ
736 3579 817 3662 βίον.
857 3578 901 3642 01.
918 3577 982 3651 ΟΒ.
1002 3579 1095 3641 1487.
1118 3577 1154 3640 τὰ
1179 3577 1272 3642 λοιπὰ
1288 3584 1344 3642 τοῦ
1360 3585 1478 3661 πικροῦ

271 3691 329 3731 ιον.
1577 3683 1580 3692 ’

340 3759 412 3820 585.
437 3756 495 3833 Qu.
525 3758 662 3821 ἐνταῦθα
696 3758 756 3839 γάρ
789 3780 835 3820 τοι
867 3758 968 3820 πάντα
1002 3758 1242 3839 συγκομίζομαι.
1283 3755 1327 3821 01.
1351 3757 1401 3820 Fr.
1427 3759 1477 3820 74.

250 3848 387 3910 ἐνταῦθα
410 3848 516 3929 μέντοι
538 3847 640 3910 πάντα
663 3847 869 3930 τάνθρώπων
892 3853 984 3910 νοσεῖ.

340 3936 413 4000 586.
437 3937 550 4010 ἐξαιτεῖ
569 3940 607 4000 A.
631 3935 670 3999 Κ.
694 3937 804 4009 ἐξαιτει
827 3936 861 3998 Β.
886 3936 1002 4018 ἕξαιτῆι
1025 3933 1058 3997 L.

341 4027 413 4089 587.
437 4025 497 4108 μὲν
520 4028 558 4088 A.
650 4027 688 4088 οὐ
715 4028 750 4089 A.
774 4025 809 4087 Β.
834 4023 872 4087 Κ.
906 4026 944 4088 οὐ
974 4027 1069 4108 (supr.
1098 4048 1126 4088 ω
1155 4024 1194 4087 ab
1219 4025 1257 4087 al.
1281 4045 1321 4087 m.
1346 4025 1420 4106 ant.)
1444 4024 1477 4088 L.

251 4116 297 4187 ὡς
321 4115 362 4178 Μ.
454 4117 514 4179 οὐκ
539 4116 576 4178 A.
601 4114 658 4178 οὖν
681 4112 720 4177 Κ.
745 4114 805 4198 γὰρ
829 4115 863 4176 Β.
887 4114 918 4176 Τ.
943 4112 1000 4178 οὗν
1024 4117 1053 4196 (γ
1072 4119 1144 4198 post
1166 4111 1224 4176 οὗν
1247 4113 1337 4194 eras.)
1360 4111 1393 4176 L.
1418 4115 1478 4177 οὒκ

250 4205 300 4269 Βτ.
341 4204 398 4281 Qu.
423 4207 496 4288 οὒχ,
513 4205 617 4287 ἁγών.

340 4296 412 4357 588.
437 4294 473 4358 τὰ
495 4297 532 4358 A.
550 4293 588 4357 K.
613 4295 647 4358 δὲ
671 4295 705 4357 Β.
729 4294 761 4358 Τ.
853 4292 1007 4377 ἐκγόνων]
1025 4292 1082 4369 Qu.
1099 4293 1236 4375 ἐγγενῶν
1251 4291 1478 4373 (relations),

250 4384 290 4449 ad
323 4403 403 4466 quos
436 4390 555 4468 spectat
586 4391 683 4447 κεῖνοι
711 4385 747 4447 in
774 4403 863 4467 prox.
890 4404 919 4446 v.
966 4382 1008 4445 At
1040 4382 1086 4446 sic
1113 4382 1202 4445 Hart.
1236 4381 1332 4444 Mein.
1356 4381 1477 4445 Weckl.

294 4477 314 4557 ἢ
341 4473 425 4557 ’μοιῖ]
450 4476 469 4556 ἢ
493 4480 548 4537 τοῦ
573 4475 674 4555 (τίνος)
692 4473 813 4537 Weckl.
836 4473 945 4554 κάμοῦ
967 4471 1224 4536 8050610119111.
1248 4474 1356 4554 ἢπῶς
1370 4471 1477 4536 Herw.

251 4562 299 4627 De
322 4565 342 4647 ἢ
369 4563 442 4646 ’μοῦ
466 4582 522 4647 pro
547 4566 566 4646 ἢ
590 4564 693 4645 τάμοῦ
718 4564 756 4627 01.
781 4562 821 4625 ad
844 4560 892 4624 ΕΙ.
920 4562 1013 4624 1498.
1053 4558 1110 4636 QU.
1134 4563 1154 4644 ἢ
1177 4560 1250 4643 τᾶμ’
1274 4561 1361 4644 ἐρεῖς.
