3450 5250
289 414 354 476 204
828 435 975 480 aurraoau

381 592 474 656 1133.
497 593 754 678 πολυστάφυλος]
778 594 984 677 καλλίβοιρυς
1006 596 1086 679 conj.
1102 594 1197 659 Mein.
1215 595 1254 658 ad
1273 596 1366 660 1119.
1434 596 1510 681 πέμ-

288 681 355 766 πει]
380 681 572 766 Corruptum
596 683 655 747 hoc
678 684 813 748 videtur.
838 683 886 747 Gl.
910 686 948 748 A.
971 692 1054 768 τιμᾷ.
1092 684 1175 749 Fort.
1198 685 1314 768 κλῄζει.

380 773 474 835 1134.
500 771 614 856 ἐπέων]
648 773 768 837 ἑπειῶν
792 773 827 853 (1.
844 792 870 838 c.
894 773 1101 847 ἀπολοόθων,
1136 773 1226 837 Pind.
1244 775 1278 838 P.
1295 774 1332 838 V.
1349 775 1402 852 in.)
1426 773 1515 840 Harl.

289 867 320 927 et
343 859 449 925 Hera.
474 862 512 926 A.
536 861 569 926 0.
593 882 620 946 p.
640 863 688 925 19.
735 862 858 926 Nomen
883 862 993 946 ἑπέιης
1015 862 1133 946 legitur
1156 863 1246 927 Pind.
1271 863 1305 927 P.
1329 863 1368 928 V.
1393 865 1461 927 init.
1485 871 1517 929 et

289 951 388 1022 ἑπέτις
411 951 514 1036 Apoll.
542 951 600 1015 Rh.
628 950 685 1015 ΙΙΙ.
711 952 783 1015 666.
830 951 903 1015 Non
926 953 1044 1016 mirum
1068 957 1114 1016 est
1138 952 1328 1017 vocabulum
1351 972 1514 1038 perrarum

289 1040 494 1123 depravatum
529 1058 605 1104 osse.
652 1039 763 1104 Malim
800 1041 956 1123 θεράπων
994 1041 1028 1123 (a
1054 1042 1178 1124 θέραφ,
1213 1041 1287 1105 Ειιι.
1311 1042 1378 1106 Ion.
1404 1043 1454 1106 94.
1487 1040 1515 1107 ὦ

293 1129 414 1213 Φοίβου
438 1128 556 1214 Δελφοί
577 1131 725 1212 θέραπες.
749 1127 857 1213 Suppl.
883 1131 981 1210 762),
1005 1136 1060 1195 aut
1082 1131 1265 1214 προπόλων.

381 1219 475 1283 1135.
503 1217 646 1302 Θηβαίας
669 1239 741 1283 mss.
774 1218 918 1302 Θηβαίας
940 1218 1049 1284 Herm.
1092 1219 1150 1296 Ωιι.
1178 1219 1296 1303 Θήβας.
1340 1220 1384 1286 Of.
1409 1241 1439 1284 v.
1462 1225 1515 1286 str.

292 1309 385 1371 1125.
410 1309 522 1390 ἀγρίου
549 1310 574 1370 τ’
599 1308 649 1372 ἐπὶ
675 1317 783 1392 σπορᾷ
810 1308 994 1391 όράκονιος.
1039 1308 1129 1373 Haec
1158 1311 1310 1375 correctio
1334 1309 1515 1375 confirmari

289 1397 416 1462 videtur
438 1397 586 1480 sequenti
609 1398 742 1462 relativo
764 1398 829 1462 ιάν.

382 1489 475 1550 1137.
498 1486 554 1550 τάν
578 1489 672 1571 (supr.
696 1490 736 1570 ἣν
755 1509 772 1550 a
788 1507 829 1550 m.
845 1491 902 1571 pr.)
927 1486 959 1550 L.
983 1493 1039 1551 ιᾶν
1061 1508 1106 1571 pr.
1180 1488 1215 1552 ἐκ
1238 1493 1344 1552 πασᾶν
1363 1526 1401 1534 -
1419 1489 1514 1571 ὕπερ-

288 1577 382 1640 ιάταν
410 1576 562 1655 (seounda
584 1600 604 1639 α
628 1596 724 1659 supra
752 1577 847 1640 aliam
874 1578 998 1641 literam
1027 1577 1176 1658 delemur,
1206 1584 1238 1642 et
1264 1577 1364 1642 literis
1391 1578 1515 1642 duabus

290 1671 345 1729 aut
367 1665 481 1746 tribue,
506 1685 588 1747 quae
611 1669 863 1751 suprascriptae
886 1671 988 1746 erant,
1011 1667 1118 1748 erasis)
1143 1665 1175 1729 1.

382 1755 476 1818 1138.
499 1754 640 1837 ἔκπαγλα
663 1763 754 1838 τιμᾷς
777 1756 857 1838 ὑπὲρ
880 1761 986 1819 πασᾶν
1008 1755 1103 1820 Dind.

381 1844 474 1907 1141.
500 1844 597 1926 (aad)
629 1845 720 1915 πόλις
751 1845 888 1910 Bocchh.
912 1844 1018 1910 Dind..
1045 1844 1151 1909 Dubia
1174 1847 1335 1909 correctio.
1426 1844 1516 1916 πόλις

290 1934 340 1998 ἐπὶ
363 1932 476 2016 νόσου]
513 1932 596 2016 Lege
627 1934 717 2004 πόλις
745 1934 808 1998 ὑπὸ
831 1935 937 1998 νόσου.
978 1936 1044 1998 Aut
1066 1935 1155 2005 πόλις
1183 1933 1244 2017 ἐμὰ
1272 1935 1367 2017 νόσῳ.
1408 1934 1452 2000 cf.
1476 1935 1515 1998 ad

291 2043 318 2084 v.
342 2029 404 2085 ant.
432 2023 524 2086 1150.
564 2022 608 2087 Of.
633 2024 728 2087 Arist.
758 2023 841 2088 Eccl.
873 2024 966 2087 1096.
1003 2024 1047 2088 ἑνὶ
1080 2023 1140 2106 γὰρ
1169 2025 1355 2107 ξυνέχεσθαι
1378 2031 1516 2106 κρεῖττον

290 2115 310 2194 ἢ
335 2111 425 2175 όυοῖν
447 2118 569 2176 κακοῖν.
593 2111 741 2176 Menand.
766 2113 820 2176 IV.
845 2115 918 2176 254.

382 2202 475 2265 1144.
498 2199 686 2283 Παρνησίαν
709 2204 747 2266 A.
770 2200 809 2265 Κ.
833 2202 867 2266 L.
891 2201 1078 2284 Παρνασίαν
1101 2200 1195 2266 Dind.
1237 2201 1346 2265 Malim
1363 2201 1515 2284 Παρνασ-

290 2292 367 2354 σίαν.
402 2289 450 2354 De
475 2291 697 2374 orthographia
719 2291 814 2374 hujus
839 2291 983 2355 vocabuli
1008 2291 1046 2353 V.
1070 2290 1164 2355 Dind.
1189 2290 1262 2356 Lex.
1280 2290 1373 2376 Soph.
1398 2312 1426 2375 p.
1444 2293 1515 2355 387.

289 2377 498 2463 Παρνησσίόα
515 2380 668 2445 exhibent
683 2400 755 2444 msa.
774 2381 886 2445 Aesch.
903 2379 979 2444 cho.
997 2381 1079 2462 563.
1098 2381 1153 2445 sed
1169 2379 1346 2465 Παρνησοῦ
1362 2380 1516 2444 11111111.

383 2470 474 2532 1146.
499 2468 555 2553 ab]
589 2467 646 2544 Ωιι.
671 2467 708 2533 ὦ.
748 2470 791 2534 cf.
820 2491 849 2532 v.
873 2476 925 2534 str.
953 2471 1045 2534 1137.
1141 2468 1312 2554 πνεόντων]
1345 2471 1516 2535 πνειόντων

290 2557 428 2622 Boeclh.
454 2557 536 2641 Seyt.

382 2648 475 2710 1147.
499 2648 617 2730 χοραγὲ
633 2651 671 2711 A.
682 2647 719 2713 K.
730 2647 763 2711 L.
841 2648 894 2712 καὶ
917 2649 1035 2731 νυχίων
1051 2651 1089 2713 A.
1100 2649 1137 2712 K.
1150 2648 1182 2712 L.
1199 2649 1252 2712 καὶ
1276 2669 1335 2713 om.
1353 2649 1405 2712 Br.
1421 2648 1515 2713 Dind.

381 2738 475 2799 1149.
499 2743 559 2800 παῖ
571 2737 646 2807 Διὸς
662 2738 699 2800 Α.
718 2737 754 2801 K.
772 2737 804 2801 L.
828 2737 1006 2822 παῖΖηνός
1029 2738 1120 2802 Both.
1144 2737 1238 2802 Dind.
1262 2745 1323 2803 παῖ
1344 2739 1411 2802 όῖον
1432 2738 1515 2820 Seyf.

291 2826 371 2908 (coll.
396 2824 506 2890 Elmsl.
535 2827 573 2890 ad
602 2827 715 2890 Bacch.
740 2828 768 2891 8.
802 2826 921 2893 Schaet.
947 2829 986 2890 ad
1010 2827 1086 2891 Hec.
1111 2829 1205 2910 469).
1230 2829 1317 2912 prob.
1341 2828 1515 2893 Wecklein.

290 2921 346 2978 τοῦ
371 2914 476 2997 Ζηνὸς
510 2914 706 2980 Herwerden
739 2917 778 2979 ad
810 2915 877 2980 lon.
904 2917 1082 2981 131111.
1122 2917 1179 2996 Ωιι.
1209 2915 1335 2989 ὦΔιὸς
1358 2918 1515 3002 γένεθλον.

291 3004 336 3070 Cf.
360 3005 440 3069 Phil.
465 3006 538 3068 453.
562 3002 591 3068 ὦ
616 3006 765 3087 γένεθλον
793 3005 919 3070 Οἶιαίου
942 3007 1069 3089 πατρός.

382 3094 476 3158 1150.
499 3095 688 3178 προφάνηθι
711 3095 846 3169 Ναξίοις
868 3116 940 3159 mss.
964 3095 1152 3180 προφάνηθ’
1176 3094 1263 3160 ὦ·
1282 3097 1397 3178 Musgr.
1421 3094 1516 3160 Dind.

290 3183 478 3267 προφάνηθ’
507 3181 608 3257 ὦναξ,
641 3190 710 3255 σαῖς
743 3187 860 3268 optime
893 3184 1007 3268 Bergk.
1035 3185 1156 3251 Wechl.
1189 3187 1386 3269 προφάνηθ’,
1419 3184 1516 3261 ὦναξ,

292 3280 360 3344 σαῖς
375 3274 442 3355 ἅμα
458 3273 639 3355 περιπόλοις
654 3273 767 3357 Bargh.
785 3274 906 3338 Nauck.
923 3273 1007 3357 Scyl.
1030 3274 1165 3348 Ναξίοις
1184 3280 1367 3358 corruptum
1384 3276 1516 3341 videtur.

292 3362 356 3427 Cur
384 3363 471 3427 enim
504 3361 624 3426 Naxias
656 3364 814 3446 nymphas
850 3363 1054 3448 pedissequas
1086 3364 1200 3428 habeat
1234 3364 1381 3428 Bacchus
1418 3386 1517 3448 quum

291 3453 467 3536 praesentia
496 3452 547 3516 dei
576 3454 644 3534 ejus
676 3472 694 3515 a
725 3453 874 3517 Parnassi
907 3455 993 3536 jugis
1026 3459 1081 3517 aut
1113 3453 1151 3517 ab
1184 3454 1336 3537 oppositis
1368 3453 1516 3519 Euboeae

292 3542 390 3622 (1144
402 3542 459 3622 sq.)
484 3542 547 3604 oris
570 3543 758 3607 invocetur?
798 3541 902 3618 Quare
923 3544 1042 3617 ναξίαις
1065 3561 1105 3607 ex
1129 3540 1218 3616 ὦναξ
1241 3549 1310 3613 σαῖς
1333 3549 1517 3626 corruptum

291 3650 360 3695 esse
393 3630 548 3713 suspicari
580 3630 662 3694 licet.
711 3629 769 3706 Ωιι.
801 3633 988 3715 προφάνηθ’
1022 3630 1081 3697 ὥθ’
1110 3630 1211 3708 ὦναξ,
1240 3631 1422 3715 περιπόλοις
1450 3634 1517 3715 ἅμα

291 3723 357 3798 (aut
381 3721 484 3802 ὁμσῦ).
524 3720 568 3784 cf.
592 3720 631 3782 ad
658 3721 751 3784 1141.
820 3721 877 3795 ξὺν
900 3721 1034 3795 Ναξίαις
1058 3727 1089 3785 et
1113 3727 1181 3792 σαῖς
1204 3722 1301 3786 θυάσι
1323 3721 1518 3804 προσπόλοις

292 3810 395 3892 (rnetri
419 3809 530 3890 gratia)
552 3808 643 3873 Tricl.

382 3898 476 3961 1151.
500 3899 626 3962 θυιάσιν
642 3900 679 3962 A.
695 3899 729 3963 L.
753 3900 869 3963 θυάσιν
885 3899 922 3963 Κ.
947 3901 1083 3964 θυίαισιν
1104 3899 1220 3965 Bacch.
1237 3898 1331 3964 Dind.
1348 3898 1432 3983 Seyf.
1472 3899 1516 3964 Of.

291 3987 404 4051 Aesoh.
429 3985 511 4070 Sept.
528 3989 601 4052 494.
626 3987 720 4058 θυιὰς
743 3989 797 4059 ὦς.
822 3990 895 4052 836.
934 3989 1028 4060 θυιάς
1049 3990 1142 4071 (θυάς
1162 3990 1266 4072 vulg).
1305 3989 1403 4078 Recta
1423 3990 1517 4074 hujus

291 4077 430 4141 nominis
462 4077 563 4141 forma
591 4083 639 4142 est
661 4077 755 4148 θυιὰς
780 4081 858 4161 (non
880 4078 987 4161 θοὰς),
1021 4085 1057 4143 ut
1088 4099 1129 4142 ex
1158 4081 1260 4162 prima
1287 4078 1410 4161 syllaba
1433 4084 1518 4163 patet

291 4167 430 4230 nominis
453 4165 559 4230 Latini
591 4166 719 4249 ‘thyias'
744 4170 848 4251 (saepe
881 4169 1034 4251 scriptum
1058 4168 1208 4250 ‘thyas’),
1238 4187 1319 4249 quae
1343 4169 1438 4252 longa
1461 4175 1516 4233 est.

335 4256 531 4341 περιπόλοις]
556 4256 614 4333 Ωιι.
638 4257 839 4339 πρόσπολοις.
876 4255 919 4320 Ol.
944 4256 1007 4322 OR.
1033 4259 1105 4320 212.
1130 4257 1310 4321 Μαινάδων
1333 4258 1516 4340 ὁμόστολον.

383 4345 476 4409 1156.
500 4345 569 4409 ἔσθ’
594 4348 631 4409 A.
655 4344 688 4408 L.
713 4346 773 4409 ἔστ’
797 4346 835 4410 Κ.
916 4348 976 4410 οὐκ
1000 4347 1069 4411 ἔσθ’
1093 4347 1205 4410 ὁποῖον
1228 4348 1268 4410 ἅν
1289 4346 1345 4410 τιν’
1363 4385 1403 4394 -—
1421 4347 1517 4411 Mein.

292 4432 349 4510 Qu.
375 4436 435 4498 οὐκ
459 4433 528 4498 ἔσθ’
552 4436 664 4498 ὁποῖον
687 4436 726 4499 όν
742 4460 785 4506 τις
801 4436 980 4517 ἀνθρώπου
1004 4438 1074 4518 βίον
1095 4435 1099 4520 ]
1120 4437 1316 4509 ἐπαινέσειεν,
1340 4437 1413 4500 οὔτε
1434 4437 1516 4519 μέμ-

291 4524 376 4606 ψαιτ’
401 4525 439 4587 άν
463 4548 545 4588 ποτε.
593 4524 636 4590 Of.
661 4524 710 4588 El.
735 4526 807 4588 591.
830 4531 901 4598 πῶς
924 4526 1007 4589 ιαυι’
1032 4525 1225 4609 ἐπαινέσαιμ’
1249 4527 1304 4603 (laq
