3476 5256
624 393 747 439 ounrrus
770 393 928 440 uranuuus
1341 377 1380 438 75

155 553 304 636 θυγατέρ’
338 553 539 636 ε’ξαιρήσεται.
578 553 646 617 Alc.
677 553 726 616 70.
754 554 809 636 βίᾳ
837 559 970 635 γυναῖκα
1002 552 1095 635 τήνδε
1123 553 1151 616 α’
1180 554 1381 636 ἐξαιρήσεται.

156 644 253 706 Arist.
276 641 349 723 Lys.
376 643 469 705 1028.
499 642 660 724 ἀφελοῦσα
690 643 738 722 (al.
766 642 936 724 ἐξελοῦσα).
984 640 1087 706 Duale
1113 642 1239 706 ταύταιν
1266 643 1382 726 legitur

158 733 252 798 1504.
277 730 338 794 OO.
363 733 436 794 859.
464 732 557 796 1149.
581 731 659 795 αὐτὰ
684 734 758 795 Α111.
784 732 857 794 161.

247 822 341 883 1523.
366 819 426 884 Χο.
451 819 554 884 Schol.
579 815 698 885 Oobet'
777 820 908 904 “Ohori,
936 841 1001 885 non
1026 819 1210 905 Oedipodis,
1240 823 1382 886 oratione

156 909 333 974 claudenda
357 917 424 974 erat
446 910 620 992 tragoedia:
654 911 774 992 itaque,
802 911 829 974 si
856 911 961 975 forent
988 912 1021 974 hi
1055 931 1167 975 versus
1200 910 1381 994 Oedipodis,

155 999 351 1064 censendum
375 1004 459 1063 esset
482 999 603 1082 aliquot
627 998 722 1062 Ohori
744 1018 856 1064 versus
883 1001 919 1071 in
941 999 1005 1064 fine
1034 1001 1220 1065 excidisse.’'
1245 1000 1382 1083 (Bergk.)

201 1090 369 1162 ξυνέσπετο
392 1090 430 1152 A.
453 1089 485 1152 Τ.
511 1090 669 1162 ξυνείπετο
686 1088 721 1151 Β.
739 1088 813 1172 (qu.)
851 1087 975 1171 Redde,
999 1090 1093 1154 have
1117 1095 1182 1153 not
1203 1090 1382 1153 followed

154 1179 372 1260 (attended)
390 1198 464 1258 you
488 1179 722 1262 throughout
744 1198 841 1260 your
862 1179 937 1242 life.
983 1179 1048 1243 Iste
1064 1180 1151 1242 enim
1172 1179 1383 1244 videturesse

154 1287 268 1331 sensus
282 1268 453 1331 locutionis
469 1267 629 1331 obscurae.
669 1267 713 1332 Of.
740 1268 833 1330 1125.
857 1269 1004 1350 ποίμναις
1022 1306 1062 1314 -
1080 1269 1281 1351 ξυνειπόμην.
1320 1267 1383 1332 Sed

154 1356 245 1420 locus
272 1357 404 1420 fortasse
430 1357 604 1420 mendosus
633 1362 687 1420 est
739 1355 858 1420 Sensus
892 1359 947 1438 qui
974 1358 1150 1439 requiritur
1177 1359 1228 1420 hic
1255 1358 1383 1421 videtur

154 1465 239 1527 esse,
263 1445 356 1510 ‘have
378 1451 436 1509 not
459 1446 575 1510 turned
600 1451 655 1510 out
677 1446 727 1509 lor
748 1466 833 1528 your
855 1441 957 1529 good!
997 1445 1055 1521 Qu.
1080 1449 1118 1510 οὐ
1142 1455 1188 1530 τῷ
1215 1447 1382 1528 (11111οὔτι)

154 1544 205 1618 σῷ
227 1537 289 1619 βίῳ
313 1537 490 1608 ξυνέσπετο.
529 1536 597 1599 Aut
620 1537 658 1599 οὐ
681 1536 771 1598 παντ’
796 1536 912 1618 ὀλβίως
935 1537 1090 1618 ἐξεγένετο
1102 1536 1148 1617 (P).
1189 1536 1255 1598 Aut
1278 1537 1380 1609 ξυνοί-

155 1649 239 1689 σεται
255 1623 328 1707 (OO.
347 1624 431 1704 641.)
448 1625 544 1703 (will
568 1631 633 1690 not
654 1626 801 1708 profit),
827 1631 882 1688 aut
897 1627 1096 1708 ξυμβήσεται.
1136 1624 1381 1707 Ε1ία1ατῴβίῳ

154 1713 345 1778 mendosum
368 1713 503 1778 videtur.
533 1713 578 1777 Of.
602 1713 683 1776 Phil.
708 1715 781 1778 621.
806 1723 899 1796 σφῷν
924 1714 952 1778 δ’
977 1715 1068 1785 ὅπως
1091 1715 1199 1798 ἄριστα
1219 1716 1382 1797 συμφέροι

154 1803 239 1873 δεός.

248 1892 479 1954 roan-1530.
504 1889 617 1974 “Sepsi
641 1892 782 1974 uncinis,
812 1896 941 1957 secutus
969 1894 1167 1957 verissimam
1190 1893 1382 1958 Alexandri-

153 2001 270 2045 norum
293 1981 496 2062 sententiam,
519 1983 610 2063 cujus
633 1981 717 2044 haud
742 1980 878 2046 obscura
901 1983 1036 2065 vestigia
1059 1987 1185 2046 exstant
1207 1985 1239 2046 in
1256 1987 1381 2046 vetusto

154 2071 275 2135 scholio
304 2070 343 2134 ad
372 2090 400 2132 v·
423 2070 516 2134 1523.
545 2071 598 2134 καὶ
626 2071 794 2152 αὐτάρκως
827 2073 889 2153 έχει
924 2071 958 2135 τὸ
992 2073 1113 2154 δρᾶμα,
1146 2072 1182 2136 τὰ
1216 2072 1277 2154 γὰρ
1310 2073 1382 2155 ἑξῆς

154 2161 308 2233 ἀνοίκεια,
332 2160 615 2242 γνωμολογοῦντος
642 2159 821 2230 Οἰδίποδος.
867 2159 980 2242 Neque
1004 2162 1101 2243 enim,
1126 2164 1250 2246 opinor,
1274 2162 1381 2243 hujus-

153 2249 242 2312 modi
265 2251 441 2313 sententiae
465 2249 599 2314 morales
621 2251 657 2312 in
677 2249 922 2332 Sophoclearum
938 2249 1118 2314 fabularum
1134 2252 1222 2315 exitu
1248 2271 1381 2334 usquam
1417 2291 1419 2296 .

153 2340 328 2402 recitantur
351 2340 612 2421 aprotagonista,
636 2339 705 2421 sed,
728 2339 841 2402 ubiubi
857 2344 1042 2422 occurrunt,
1067 2343 1177 2423 paucis
1192 2340 1299 2405 verbis
1322 2341 1381 2404 hoo

153 2426 190 2491 fit
218 2448 236 2491 a
265 2427 376 2491 Ohoro.
431 2427 601 2492 Praeterea
633 2429 692 2492 hos
723 2448 834 2492 versus
867 2435 1030 2513 suspectos
1061 2430 1166 2494 reddit
1198 2430 1382 2493 simillimus

154 2518 259 2581 exitus
283 2518 589 2600 Phoenissarum,
613 2518 698 2582 unde
722 2518 892 2601 profecisse
914 2519 1043 2582 videtur
1065 2520 1277 2603 interpolator.
1316 2520 1382 2603 Ap-

154 2614 245 2690 paret
272 2612 377 2670 autem
401 2625 443 2670 ex
471 2607 589 2670 scholio
624 2608 710 2690 quod
738 2608 831 2671 modo
859 2609 990 2671 laudavi
1023 2607 1143 2692 Oedipo
1176 2609 1235 2672 hos
1266 2628 1382 2672 versus

153 2696 302 2760 tribuisse
325 2696 575 2777 Alexandrinos,
600 2716 666 2760 non
691 2696 808 2780 Chore,
836 2697 923 2779 quod
947 2698 1040 2762 hodie
1068 2717 1232 2781 perperam
1260 2698 1383 2762 faciunt

154 2805 265 2851 omnes
298 2785 434 2850 editores
467 2791 599 2868 excepto
634 2805 699 2848 uno
731 2786 921 2869 Hartungio.
967 2786 1015 2850 De
1048 2787 1159 2851 eadem
1192 2806 1227 2851 re
1259 2789 1383 2850 monuit

154 2873 292 2938 Oobetus
319 2877 353 2938 in
381 2875 534 2940 Mnemos.
561 2874 597 2936 V.
620 2896 648 2959 p.
671 2876 743 2938 261.
767 2874 806 2938 N.
825 2874 857 2937 L.
881 2896 909 2959 p.
932 2877 1024 2940 219.”
1055 2877 1186 2959 (Hera.)
1234 2876 1296 2954 Qui
1324 2876 1382 2940 hos

152 2984 265 3029 versus
281 2969 317 3028 ut
332 2967 456 3047 spurios
473 2969 568 3028 notat.
606 2964 774 3042 Wecklein
791 2966 916 3029 tertiam
931 2985 1099 3049 personam
1116 2986 1185 3030 esse
1199 2965 1239 3048 ἦν
1263 2966 1381 3047 (1525.)

153 3053 331 3133 contendit,
360 3055 481 3136 hosque
508 3057 661 3118 versus'a
685 3053 871 3137 Ooryphaeo
900 3075 965 3118 non
993 3055 1033 3118 ad
1066 3061 1269 3138 spectatores,
1300 3075 1381 3137 quae

152 3141 312 3206 Diudorfii
327 3148 375 3207 est
390 3143 559 3225 sententia,
584 3143 640 3206 sed
664 3143 703 3204 ad
720 3144 798 3206 alios
815 3144 981 3207 choreutas
997 3146 1131 3228 proferri
1147 3145 1222 3208 dum
1241 3143 1381 3227 Oedipus

152 3233 357 3315 proscenium
379 3232 542 3313 relinquit.
632 3231 768 3295 λεύσσετ’
791 3235 830 3295 A.
854 3233 969 3297 λεύσετ’
993 3234 1028 3296 Β.

245 3322 339 3384 1525.
363 3312 532 3403 αίνείγματ’
556 3323 591 3385 Β.
697 3322 766 3404 ᾔδει
791 3323 827 3383 Α.
851 3321 887 3384 Β.
910 3323 941 3385 T.
975 3324 1048 3406 ήιδή
1073 3324 1167 3407 (supr.
1192 3323 1227 3405 ει)
1251 3323 1284 3386 L.
1317 3323 1381 3406 ᾔδη’

154 3409 262 3475 (lebet.
302 3409 345 3474 (if.
361 3410 402 3474 ad
416 3411 465 3474 Tr.
483 3412 533 3474 87.
557 3413 631 3474 Ant.
651 3411 700 3473 18.
724 3410 804 3473 Phil.
823 3411 917 3475 1010.
941 3415 1043 3494 ἔγνων
1059 3413 1189 3478 Person.
1206 3414 1246 3476 ad
1263 3413 1380 3476 Phoen.

155 3501 251 3563 1772.
274 3500 361 3583 ᾔδειν
384 3499 479 3563 Dind.
504 3500 551 3564 ed.
575 3499 632 3563 Ill.
656 3502 691 3563 in
716 3500 797 3563 Add.
822 3500 943 3564 Wecll.
982 3501 1057 3585 Leg.
1080 3502 1162 3585 ᾔδει,
1192 3508 1246 3565 aut
1273 3503 1381 3586 potius

152 3587 239 3672 ηὗρε.
278 3589 414 3652 Tertiam
441 3609 609 3672 personam
638 3590 759 3673 requiri
787 3591 926 3654 ostendit
953 3591 992 3674 ἧν
1020 3594 1095 3669 (uon
1118 3591 1152 3674 ἦ,
1182 3593 1284 3675 prima
1310 3611 1381 3675 per-

152 3677 250 3757 sona).
289 3676 430 3761 Oedipus
447 3678 485 3742 de
501 3698 534 3742 se
550 3681 619 3762 ipso
635 3681 738 3762 prima
753 3698 887 3762 persona
902 3680 1043 3762 loquitur
1057 3680 1132 3743 Eur.
1148 3681 1267 3744 Phoen.
1287 3682 1380 3744 1742.

152 3768 202 3831 ὅδ’
226 3768 288 3850 εἰμὶ
310 3774 436 3850 μοῦσαν
465 3769 500 3838 ὃς
520 3769 570 3831 ε’πὶ
593 3769 770 3832 καλλίνικον
794 3770 944 3852 οὐράνιον
971 3771 1058 3852 ἔβαν,
1087 3771 1252 3852 παρδένου
1280 3771 1381 3853 κόρος

152 3859 268 3939 αἴνιγμ’
292 3858 442 3921 ἀσύνετον
465 3859 577 3939 έυρών.

245 3946 339 4010 1526.
363 3948 399 4017 ὃς
420 3947 505 4028 τόσῳ
530 3948 616 4030 ζήλῳ
639 3947 744 4012 Reisk.
772 3953 835 4018 πᾶς
858 3950 895 4011 ὃν
918 3948 1032 4031 ε’ξήλου
1057 3985 1098 3993 -
1123 3949 1198 4012 olim
1222 3948 1317 4012 Dind.
1342 3948 1380 4012 οὗ

152 4037 195 4106 τίς
219 4037 258 4099 οὐ
282 4073 323 4081 -
351 4042 418 4106 ταῖς
444 4037 552 4118 τύχαις
579 4038 749 4120 ἐπέβλεπεν
769 4037 901 4101 Martie.
924 4038 1013 4101 Ham.
1037 4037 1173 4102 Ellendt.
1207 4040 1243 4101 ὃν
1271 4039 1313 4108 τίς
1342 4041 1380 4103 οὐ

153 4126 259 4208 ζηλῶν
287 4126 425 4189 πολιτῶν
452 4126 506 4189 καὶ
533 4127 640 4209 τύχαις
668 4127 846 4208 ἐπιβλέπων
869 4130 916 4206 (ut
938 4125 1145 4190 Hermannus
1170 4128 1244 4191 olim
1269 4148 1380 4211 propo-

153 4216 226 4295 suit)
250 4216 332 4297 conj.
349 4214 462 4299 Bergk.
487 4216 524 4278 ὃν
544 4217 587 4286 τίς
603 4217 641 4278 οὐ
660 4215 766 4298 ’ζήλου
777 4215 807 4296 11)
831 4217 968 4279 πολιτῶν
983 4222 1048 4286 ταῖς
1063 4217 1170 4298 τύχαις
1186 4218 1380 4300 έπιβλέπων,·

152 4303 290 4387 Madvig.
331 4303 375 4366 Of.
400 4303 462 4369 OC.
490 4305 583 4368 1133.
608 4304 738 4387 ἀνδρὸς,
767 4302 796 4386 ᾧ
823 4306 866 4374 τίς
890 4306 950 4368 οὐκ
974 4307 1018 4369 ἔνι
1039 4306 1042 4386 )
1063 4306 1151 4389 κηλὶς
1175 4331 1234 4382 -,·
1265 4307 1379 4370 Aesoh.

152 4393 212 4476 Ag.
237 4393 311 4456 526.
339 4395 368 4456 τί
389 4393 418 4457 δ’
447 4394 486 4456 οὐ
509 4395 670 4467 τείνοντες,
699 4395 738 4457 οὐ
766 4395 923 4476 χαλῶντες
951 4395 1112 4477 (λαχόντες
1137 4395 1232 4477 vulg.)
1260 4398 1381 4478 ἤματος

151 4484 267 4565 μέρος)
299 4483 422 4567 Proleg.
445 4484 605 4567 Aristoph.
630 4503 655 4547 c.
678 4484 735 4548 ΙΙΙ.
761 4484 866 4567 ζηλῶν
890 4485 992 4569 (ζήλῳ
1015 4485 1111 4572 vulg.)
1136 4485 1170 4550 δὲ
1193 4484 1379 4572 Εὐριπίδην.
