3458 5254
306 400 370 464 176
844 421 992 468 annonae

394 581 466 643 566.
490 580 519 643 τί
540 579 600 663 γάρ
618 618 658 627 -
674 580 863 664 βιώσιμον,’]
893 579 951 656 Qu.
975 587 1046 651 πῶς
1070 581 1130 664 γὰρ
1147 605 1205 658 -,·
1244 583 1310 646 Ant
1332 583 1463 648 fortasse
1487 584 1531 654 τίς

304 669 364 751 γὰρ
389 707 430 714 -
454 670 526 752 βίου
549 670 656 752 χάρις,·
695 669 740 733 ef.
763 671 859 733 Arist.
883 668 955 753 Lys.
979 672 1052 734 865.

394 759 466 822 567.
489 759 549 842 μέν
573 782 622 822 σοι
645 760 683 822 A.
708 757 746 823 K.
770 758 803 822 L.
831 760 938 841 μέντοι
961 759 1013 823 Br.
1038 759 1122 842 Seyf.
1162 759 1271 826 Scribe
1294 763 1353 844 sio,
1381 761 1447 825 ἀλλ’
1471 763 1530 844 ἥδε

302 849 409 930 μέντοι
433 848 543 930 -μὴ
567 848 629 930 λέγ’
655 854 711 911 eto.
750 848 800 911 Ita
823 850 916 913 etiam
935 849 1031 913 Mein.
1071 847 1114 912 Cf.
1131 849 1170 913 ad
1186 849 1233 912 El.
1254 851 1347 913 1329.
1388 849 1445 926 Qu.
1463 851 1529 915 ἀλλ’

303 938 361 1020 ἥδε
383 937 443 1020 μὲν
464 938 625 1020 τέθνηκεν.

394 1027 466 1090 568.
490 1027 580 1111 ἀλλὰ]
606 1025 663 1102 Qu,
688 1026 764 1111 ἀρα,
789 1027 886 1112 511έῆ
912 1027 972 1112 γὰρ
996 1028 1101 1108 (5747.
1192 1053 1313 1112 νυμφια
1337 1030 1405 1113 (sie)
1428 1029 1461 1093 L

394 1117 466 1179 569.
490 1117 648 1199 ἀρώσιμοι
672 1116 709 1180 Κ.
734 1119 893 1200 ἀρώσιμοι
909 1119 946 1181 A.
1015 1119 1158 1201 χάτέρων
1182 1119 1256 1182 εἰσὶν
1279 1120 1317 1182 A.
1327 1119 1361 1182 L.
1385 1120 1530 1202 χάτέρων

303 1206 359 1268 εἶσὶ
381 1203 420 1267 Κ.
444 1207 500 1268 εῑσι
523 1207 665 1288 χάτέρων
688 1204 782 1269 Dind.
867 1209 938 1289 γύαι
961 1208 999 1269 A.
1024 1213 1106 1289 γυῖαι
1129 1207 1167 1270 Κ.

394 1296 466 1358 570.
490 1297 678 1378 ἡρμοσμένα
701 1294 739 1359 Κ.
772 1298 963 1380 εῑρμοσμένα
988 1298 1025 1361 A.
1058 1299 1249 1379 ειρμοσμένα
1278 1301 1374 1381 (supr.
1398 1299 1417 1380 ἡ
1447 1318 1529 1362 am.

303 1385 359 1467 pr.)
383 1383 416 1446 L.

394 1474 466 1536 571.
490 1473 583 1557 υἱέσι]
607 1475 691 1537 υἱάσι
713 1476 751 1538 Α.
775 1473 809 1538 L.
833 1477 934 1539 υἱάσιν
956 1473 995 1538 Κ.
1035 1474 1077 1538 Of.
1102 1475 1197 1539 Arist.
1218 1475 1529 1540 Nub.1001.1424.

394 1564 466 1626 572.
489 1562 546 1626 ΙΣ.
562 1562 594 1626 L.
615 1563 687 1627 AN.
701 1564 772 1628 Ald.
782 1564 877 1629 Dind.
889 1564 983 1630 Mein.
1009 1565 1189 1649 Antigonae
1205 1583 1274 1630 esse
1289 1566 1375 1629 huno
1391 1585 1528 1648 versum,

303 1672 368 1716 non
391 1653 551 1734 Ismonae,
575 1672 617 1717 ex
641 1653 784 1717 Creontis
807 1654 913 1717 verbis
936 1654 1037 1737 liquet
1051 1655 1132 1736 ἄγαν
1156 1679 1190 1736 γε
1212 1654 1319 1724 λυπεῖς
1342 1661 1410 1738 eto,
1434 1657 1529 1720 etiam

304 1760 346 1804 ox
370 1738 465 1804 Chori
488 1742 605 1825 verbio,
628 1741 648 1825 ἦ
666 1743 726 1826 γὰρ
743 1745 900 1827 στερήσεις
916 1749 971 1808 eto.
1010 1743 1130 1808 “Recte
1146 1749 1251 1809 antem
1268 1745 1342 1808 fecit
1358 1742 1530 1828 Sophocles

304 1831 390 1913 quod
418 1830 617 1896 Haemonem
643 1832 703 1896 hoo
732 1851 797 1896 uno
825 1833 895 1896 loeo
924 1833 962 1896 ab
991 1835 1152 1917 Antigona
1179 1835 1350 1897 memorari
1376 1834 1465 1914 feeit,
1492 1841 1550 1898 ut‘

303 1919 503 1984 Haemonom
528 1921 657 2003 quidem
681 1923 883 1985 carissimum
906 1924 935 1985 ei
959 1941 1027 1986 esse
1043 1929 1222 2006 appareret,
1246 1928 1429 1987 nontamen
1445 1924 1530 1987 Hae-

303 2011 406 2072 monis
430 2011 529 2073 amori
559 2010 630 2093 plus
660 2031 755 2093 quam
784 2012 884 2074 amori
913 2031 987 2094 erga
1013 2013 1142 2075 fratrem
1170 2011 1309 2076 tribuere
1337 2013 1529 2077 videretur.”

303 2096 419 2181 (Dind.)
510 2099 636 2182 φίλταθ’
660 2102 698 2163 A.
722 2100 754 2164 L.
779 2101 895 2184 φίλτατ’
921 2101 959 2164 Κ.
1049 2101 1155 2183 Αἷμον
1178 2102 1217 2164 A.
1240 2103 1355 2185 Αἵμων
1378 2102 1417 2166 Κ.
1441 2101 1474 2166 L.

394 2189 467 2251 573.
487 2188 563 2271 Ἰσμ.
587 2190 622 2251 in
644 2191 683 2252 A.

394 2279 466 2342 574.
491 2286 522 2342 et
546 2279 618 2341 576.
643 2277 716 2343 ΧΟ.
740 2278 878 2344 Boookh.

394 2369 465 2430 574.
490 2368 646 2449 γόνονΑ.
669 2366 703 2430 L.
725 2369 827 2450 μόνον
850 2369 888 2432 K.

394 2458 466 2519 575.
491 2458 573 2540 ᾅδης
595 2459 633 2520 A.
657 2456 691 2519 L.
715 2459 796 2541 ἀδης
818 2458 857 2521 Κ.
947 2461 1008 2541 ἔφυ
1035 2460 1070 2522 A.
1105 2460 1178 2541 έμοί
1198 2458 1236 2522 Κ.
1260 2458 1293 2522 L.
1323 2457 1405 2542 Seyf.
1428 2460 1529 2543 μόνος

302 2545 423 2610 Nauck.
447 2553 541 2630 κυρεῖ
560 2547 654 2610 Mein.
678 2549 764 2628 μένει
788 2547 908 2612 Weokl.
954 2547 1034 2610 Mihi
1061 2549 1147 2611 istud
1171 2548 1242 2630 ἐμοὶ
1264 2549 1348 2611 nihil
1372 2549 1459 2612 aliud
1482 2551 1529 2612 vi-

304 2637 396 2699 detur
411 2655 480 2700 esse
497 2657 593 2720 quam
609 2638 670 2719 ἔφυ
695 2639 846 2720 seriptum
864 2639 936 2720 ἔφοι
952 2640 999 2719 (ut
1013 2661 1032 2699 υ
1049 2643 1081 2702 et
1099 2662 1129 2700 οι
1149 2642 1331 2702 constanter
1345 2644 1529 2722 permutan-

303 2731 355 2788 tur
378 2726 414 2789 in
430 2728 522 2806 mse).
570 2725 653 2809 Lege
670 2726 778 2809 Ἅιδης
801 2728 819 2789 ὁ
842 2729 977 2791 παύσων
1001 2727 1063 2790 ἐστὶ
1086 2728 1198 2791 τούσδε
1221 2727 1294 2797 τοὺς
1313 2729 1449 2810 γάμους,
1474 2735 1529 2793 aut

297 2814 404 2897 Ἅιδης
428 2816 596 2879 ὁπαύοιον
619 2816 732 2879 τούσδε
754 2815 828 2886 τοὺς
851 2818 974 2898 γάμους
997 2819 1067 2899 ἔφυ.

393 2904 465 2967 576.
488 2903 544 2967 ΙΣ.
567 2906 602 2967 in
626 2906 663 2968 A.
687 2904 759 2968 AN.
784 2906 921 2970 Boeokh.
944 2904 1039 2970 Dind.

393 2995 465 3056 577.
489 2994 542 3057 καὶ
565 2996 617 3057 σοί
638 3018 672 3076 γε
695 2995 809 3079 κάμοί]
834 2994 917 3078 Lege
940 2996 1002 3069 ναὶ,
1027 2997 1079 3060 σοί
1099 3020 1130 3058 τε
1153 2996 1259 3078 κάμοί.

394 3084 466 3161 578.
490 3085 554 3147 ἔσω
578 3087 611 3165 (s.
638 3088 667 3162 ῐ)
691 3083 729 3146 Κ.
801 3085 836 3146 ἐκ
866 3085 900 3148 δὲ
923 3085 1015 3149 τοῦδε
1040 3087 1077 3148 A.
1093 3106 1137 3169 pr.
1162 3087 1262 3149 etsie
1285 3085 1409 3168 legebat
1432 3087 1527 3150 schol.

303 3174 338 3236 έκ
372 3173 406 3236 δὲ
438 3174 532 3236 τᾶσδε
564 3175 621 3254 (sio
648 3175 683 3235 in
710 3178 801 3237 textu
829 3180 860 3237 et
888 3174 992 3238 lemm.
1021 3175 1129 3257 schol.)
1165 3175 1227 3258 χρὴ
1265 3182 1415 3257 γυναῖκας
1451 3175 1528 3239 εἶναι

302 3263 395 3326 τάσδε
418 3259 495 3345 μηδ’
518 3263 683 3344 ἀνειμένας
705 3262 738 3326 L.
763 3261 797 3325 εὗ
823 3263 912 3333 δετὰς
936 3264 970 3327 δὲ
993 3265 1054 3347 χρὴ
1077 3263 1081 3346 7
1103 3271 1253 3347 γυναῖκας
1276 3264 1352 3328 εἶναι
1374 3265 1527 3330 τάσδε,-

303 3352 386 3432 Seyf.
420 3354 585 3435 εἱργμένας
609 3352 643 3415 δὲ
666 3352 727 3434 χρὴ
750 3354 927 3435 7·γυναῖκας
950 3353 1026 3417 εἶναι
1049 3354 1143 3417 τάσδε
1165 3354 1243 3436 μηδ’
1267 3355 1314 3417 ἀν.
1338 3354 1459 3418 Weokl.
1492 3354 1527 3419 εὖ

304 3441 339 3504 δὲ
361 3441 455 3504 τάσδε
480 3479 520 3487 -
546 3442 644 3523 εἷρξαι
667 3441 774 3506 HerW.
798 3442 878 3524 (coll.
904 3463 975 3524 eg.
999 3443 1073 3506 Eur.
1098 3443 1169 3507 Hel.
1194 3445 1287 3519 2887.
1317 3443 1351 3507 εὗ
1376 3444 1411 3508 δὲ
1434 3445 1528 3508 τάσδε

302 3530 363 3612 χρὴ
386 3529 390 3613 7
412 3537 562 3612 γυναῖκας
585 3531 683 3612 εἷρξαι
705 3532 782 3614 μηδ’
807 3533 862 3594 ἐᾶν
886 3533 1051 3614 ἀνειμένας
1074 3533 1212 3615 Madvig.
1258 3531 1315 3608 Qu.
1331 3532 1366 3596 εὗ
1384 3534 1419 3597 δέ
1434 3535 1528 3598 τάσδε

302 3621 363 3702 χρὴ
386 3620 389 3704 7
411 3621 503 3684 ἔνδον
526 3620 705 3702 καδείργειν
727 3621 805 3703 μηδ’
830 3622 994 3702 ἀνειμένας
1017 3623 1080 3694 έάν,
1106 3627 1160 3686 aut
1183 3623 1218 3685 ἐκ
1253 3622 1287 3685 δὲ
1314 3623 1407 3686 τοῦδε
1433 3623 1494 3707 χρὴ
1522 3620 1525 3710 7

303 3710 396 3773 ἔνδον
419 3710 589 3792 φυλάσσειν
611 3711 705 3773 τάσδε
727 3710 805 3792 μηδ’
829 3711 959 3784 ἀνιέναι,
989 3718 1044 3775 aut
1067 3712 1102 3775 ἐκ
1127 3711 1161 3774 δὲ
1188 3712 1282 3775 τοῦδε
1309 3711 1369 3794 χρὴ
1392 3712 1396 3794 7
1418 3711 1452 3776 εὗ
1480 3737 1527 3776 νιν

303 3800 503 3881 7καύείργειν7
528 3800 697 3882 φυλάσσειν
719 3800 797 3882 μηδ’
826 3801 990 3882 ἀνειμένας
1018 3802 1081 3873 ε’ᾶν,
1110 3807 1164 3863 aut
1191 3801 1227 3863 ἔκ
1256 3800 1291 3864 δὲ
1313 3801 1407 3864 τοῦδε
1434 3801 1494 3885 χρὴ
1522 3799 1525 3888 7

303 3889 395 3952 ἔνδον
418 3912 465 3952 νιν
489 3891 600 3970 εἴργειν
623 3888 699 3972 μηδ’
721 3889 885 3971 ἀνειμένας
905 3891 967 3952 ἐᾶν.
997 3889 1052 3970 (ef.
1069 3891 1163 3953 Arist.
1174 3891 1251 3953 th.
1264 3891 1336 3953 329.
1359 3896 1433 3972 μῶν
1465 3893 1527 3973 ἔχει

302 4002 357 4041 του
381 3979 507 4041 παιδίον
528 3981 531 4063 7
552 3983 616 4041 τῶν
638 3979 807 4060 παρόντων
823 3979 915 4042 ἔνδον
931 3980 1061 4061 εἵρξας,·)
1100 3979 1158 4043 Sed
1186 4000 1261 4042 vera
1282 3980 1377 4045 lectio
1402 3980 1528 4044 Videtur

303 4087 372 4132 esse
401 4067 435 4131 εὗ
465 4069 499 4132 δὲ
521 4068 616 4131 τάσδε
639 4069 699 4149 χρὴ
722 4068 725 4151 7
747 4075 897 4150 γυναῖκας
925 4069 1023 4150 εἷρξαι,
1045 4073 1112 4149 (aut
1135 4069 1227 4133 ἔνδον
1250 4069 1427 4152 καθεῖρξαι)
1449 4069 1526 4153 μηδ’

303 4158 467 4240 ἀνειμένας
491 4159 553 4221 ε’ᾶν.
594 4157 637 4220 of.
664 4159 734 4220 753.
762 4160 833 4220 705.
873 4159 976 4222 Causa
999 4159 1162 4221 turbarum
1190 4159 1286 4222 fuerit
1313 4157 1347 4222 εὗ
1376 4158 1411 4221 δὲ
1433 4160 1527 4223 τάσδε

302 4249 337 4310 in
361 4248 396 4310 ἔκ
422 4247 456 4309 δὲ
478 4247 572 4310 τοῦδε
594 4251 761 4310 mutatum.
806 4247 948 4312 Inveotio
977 4248 1174 4330 pronominis
1201 4248 1295 4311 τάσδε
1322 4249 1357 4310 in
1384 4268 1413 4309 V.
1437 4268 1526 4332 prox.

303 4343 370 4400 tnm
393 4338 572 4400 necessaria
595 4337 679 4400 faeta
702 4343 760 4419 est,
785 4343 816 4400 et
838 4343 1003 4421 propterea
1027 4337 1154 4400 omissio
1171 4336 1322 4400 infinitivi
1338 4338 1401 4402 έᾶν.
1425 4336 1526 4401 Sohol.

195 4465 197 4472 =
303 4426 321 4488 ὁ
346 4426 380 4489 δὲ
403 4429 448 4509 (in
471 4426 566 4509 μηδὲ)
589 4427 767 4509 περιττεύει·
796 4426 875 4508 λέγει
899 4426 959 4507 γάρ
988 4426 1033 4488 ὅτι
1060 4425 1121 4507 χρὴ
1150 4426 1261 4489 λοιπὸν
1288 4427 1333 4510 μὴ
1363 4427 1527 4508 ἀνειμένας

303 4514 379 4580 εἶναι
406 4517 519 4587 ταύτας
546 4515 600 4585 τάς
629 4522 789 4597 γυναῖκας,
819 4515 895 4578 ἀλλά
924 4515 1143 4598 φρουρεῖσθαι,
1184 4515 1245 4591 Qui
1275 4536 1340 4579 non
1368 4515 1443 4579 εἶναι
1471 4516 1528 4580 sed
