3476 5256
300 425 332 472 [V
850 425 971 472 LECTORI

299 593 356 671 σῆς
387 592 479 658 ποῖος
511 587 571 651 οὐκ
604 589 687 651 ἔσται
722 585 829 652 ’ίιιιὼν
861 589 933 670 (pro
957 585 1075 670 λιμὴν),
1097 585 1101 668 Ι
1126 591 1217 656 ποῖος
1249 583 1419 669 Κιθαιρὼν
1451 588 1524 672 οὐχί

299 695 475 778 σύμφωνος
502 695 598 778 τάχα·
643 694 716 760 Non
749 694 843 758 modo
867 695 953 758 enim
978 694 1185 758 conformatio
1208 695 1399 777 sententiae,
1431 697 1524 778 cujus
1578 677 1581 686 ⁴

298 802 426 886 utrique
459 802 618 866 clausulae
651 800 784 892 verbum
816 802 1053 895 substantivum
1085 803 1167 864 ἔσται
1205 801 1304 866 semel
1336 820 1523 885 expressum

298 927 467 974 commune
483 915 542 991 est,
566 928 636 973 eam
651 907 829 990 confirmat,
845 909 901 972 sed
918 909 1012 972 otiam
1028 909 1155 972 coronis
1170 907 1296 992 (’ίιμὴν)
1311 909 1345 971 in
1362 908 1471 973 codice
1488 907 1521 972 L

298 1016 448 1100 praefixa.
487 1016 538 1080 Ad
554 1017 730 1081 sanandum
753 1021 859 1080 tamen
875 1015 981 1080 locum
997 1015 1058 1079 alia
1073 1016 1136 1079 levi
1152 1017 1347 1081 correctione
1365 1035 1444 1099 opus
1467 1021 1523 1098 est,

297 1113 361 1208 βοῇ
382 1123 420 1188 ’δὲ
442 1129 480 1208 τῇ
503 1131 543 1208 σῇ
566 1138 623 1208 pro
645 1125 726 1207 βοῆς
749 1122 784 1187 δὲ
806 1129 861 1206 τῆς
884 1129 954 1206 σῆς,
983 1125 1074 1206 cujus
1098 1115 1294 1206 corruptelae
1317 1139 1414 1187 causa
1436 1123 1522 1187 baud

297 1223 395 1295 dubie
419 1231 479 1295 brit
502 1231 599 1314 ’λιμὴν
625 1249 682 1315 pro
708 1230 815 1294 ’λικὼν
842 1232 988 1314 positum.
1035 1228 1139 1294 Etiam
1168 1230 1267 1294 altera
1290 1229 1365 1294 Oed.
1390 1229 1422 1294 O.
1449 1232 1522 1296 703.

299 1329 381 1422 pappo
409 1324 566 1403 συνναίων
594 1331 665 1422 (pre
689 1338 877 1421 σημαίνων),
906 1357 987 1421 quae
1015 1337 1054 1402 ab
1082 1338 1242 1422 plerisque
1270 1331 1446 1402 editoribus
1473 1331 1522 1402 τέ-

298 1451 388 1530 cepta
411 1451 484 1538 est,
512 1446 677 1511 Praeterea
705 1445 836 1510 alteram
864 1457 1109 1510 commemorare
1136 1445 1215 1510 libet
1241 1447 1395 1528 inquam
1420 1450 1523 1530 nuper

297 1544 410 1636 incidi,
439 1551 514 1616 Ood.
531 1553 566 1617 R.
586 1553 679 1616 1264.
703 1553 759 1636 τὴν
782 1552 904 1635 γυναῖκ’
927 1554 1088 1635 ἐσείδομεν
1108 1552 1112 1636 Ι
1133 1553 1291 1616 πλεκταῖσι
1314 1559 1431 1635 σειραῖς
1451 1555 1521 1639 (pro

297 1661 442 1732 πλεκταῖς
469 1661 585 1743 ἐώραις
608 1659 641 1724 L.
674 1661 818 1731 πλεκταῖς
845 1662 978 1743 αἰώραις
1006 1660 1185 1744 apographa
1211 1660 1317 1743 plura)
1346 1661 1518 1745 ἐμπεπλεγ-

297 1768 403 1851 μένην.
428 1768 447 1831 ὁ
472 1768 518 1840 ol,
540 1768 544 1850 l
565 1768 656 1838 ὅπως
678 1769 740 1850 ὁρᾷ
762 1791 810 1832 νιν
826 1805 881 1829 -.
928 1761 1086 1831 Homerus
1108 1767 1269 1830 locutione
1291 1767 1407 1852 τ’τίεκτὴ
1432 1769 1517 1852 σειρὰ

296 1873 369 1958 plus
392 1875 490 1940 semel
514 1867 621 1940 utitur.
668 1876 774 1940 Aliam
791 1876 875 1938 viam
897 1866 971 1938 iniit
986 1873 1150 1938 Nauclrius
1170 1874 1293 1938 edendo
1316 1875 1373 1958 τὴν
1394 1877 1517 1958 γυναῖκ’

298 1982 459 2063 ἐσείδομεν
481 1983 488 2064 l
512 1983 689 2046 πλεκταῖσιν
725 1983 905 2065 ἀρτάναισιν
942 1982 1207 2065 ἐμπεπλεγμένην.
1232 1981 1237 2064 Ι
1262 1983 1353 2053 ὅπως
1390 1982 1419 2047 δ’
1457 1985 1519 2066 ὁρᾷ

298 2113 344 2152 νιν
369 2127 423 2151 -.
447 2089 486 2153 In
510 2089 586 2154 Oed.
611 2091 643 2154 O.
670 2092 741 2154 134.
770 2090 893 2173 corrigo
917 2090 1012 2153 οὐδὲν
1035 2088 1187 2154 ὀκνοῦσί
1211 2097 1266 2154 eut
1288 2092 1348 2153 οὐκ
1372 2090 1531 2173 όίέγσνό’-

297 2197 365 2279 (pro
390 2197 484 2261 οὐδὲν
508 2198 641 2277 ἄξονθ’).
687 2197 724 2260 In
740 2196 815 2261 Oed.
831 2197 863 2261 O.
877 2198 948 2260 133.
972 2196 1098 2278 ἀλόγως
1120 2196 1155 2260 τὸ
1178 2202 1233 2267 τᾶς
1253 2198 1401 2280 εὐφάμου
1419 2199 1519 2281 στόμα

297 2303 466 2386 φροντίδος
489 2305 594 2378 leaeo,
622 2306 656 2368 in
685 2306 778 2375 ίέντες
800 2306 869 2368 sine
893 2320 1002 2384 causa,
1031 2301 1155 2387 opinor,
1183 2304 1314 2368 offendit
1336 2306 1386 2368 vir
1409 2305 1520 2369 doctus

297 2411 417 2474 amicus
449 2409 485 2474 R.
508 2411 548 2474 Y.
571 2411 706 2494 Tyrrell,
743 2414 798 2495 qui
834 2413 978 2494 πρίοντες
1014 2413 1188 2476 correxerit
1224 2411 1292 2474 coll.
1322 2411 1370 2474 llr.
1402 2413 1464 2476 777
1481 2409 1518 2475 Ι).
1598 2433 1600 2438 ·

298 2511 401 2581 ὀδόντι
432 2526 504 2602 πρῖε
535 2519 570 2583 τό
603 2521 702 2602 στόμα
726 2521 762 2602 li.
787 2538 812 2583 e.
841 2541 880 2584 os
912 2519 1163 2602 constringe),
1195 2519 1281 2601 quod
1314 2520 1347 2582 in
1380 2519 1522 2584 dramate

297 2627 433 2709 satyrico
461 2628 567 2691 locum
596 2627 744 2691 habuisse
772 2626 936 2712 probabile
964 2632 1018 2691 est.
1067 2625 1129 2690 Sed
1153 2627 1324 2690 tenendum
1349 2632 1397 2690 est
1420 2627 1521 2710 στόμα

295 2753 352 2818 pro
375 2735 490 2817 φωνὴν
514 2736 684 2818 aliquando
709 2737 757 2799 uti
781 2735 985 2819 Sophoclem,
1018 2736 1167 2800 usitatam
1196 2739 1302 2798 autem
1326 2734 1518 2798 locutionem

297 2859 366 2905 esse
389 2843 466 2905 ἱέναι
489 2844 611 2925 φωνήν.
658 2841 817 2906 Plurimos
841 2841 918 2905 alias
941 2843 1139 2925 conjecturas
1159 2860 1245 2904 meas
1268 2843 1303 2904 in
1326 2833 1517 2905 editionibus

296 2941 475 3012 fabularum
500 2939 579 3013 meis
603 2951 777 3032 propositas
801 2957 855 3012 aut
878 2949 1008 3012 latuisse
1032 2954 1087 3012 aut
1109 2949 1270 3030 neglectas
1293 2967 1362 3014 esse
1387 2947 1486 3011 doleo.

385 3056 554 3121 Praeterea
571 3057 721 3120 lectiones
737 3057 882 3119 codicum
899 3055 1128 3120 Parisiensium
1145 3053 1180 3118 B.
1198 3057 1329 3139 (2787),
1347 3055 1385 3120 Κ.
1402 3056 1520 3139 (2886.)

297 3168 330 3228 et
350 3163 381 3226 Τ.
406 3164 538 3245 (rull,
569 3181 647 3244 quas
670 3163 778 3226 multis
802 3162 917 3225 abhinc
941 3156 1047 3244 annis,
1070 3167 1217 3227 accurata
1237 3163 1407 3227 collatione
1429 3157 1523 3245 lacta,

297 3270 533 3354 descripseram,
557 3271 592 3333 in
608 3271 742 3354 propriis
766 3271 843 3334 locis
867 3271 1006 3354 apposui.
1052 3270 1104 3334 Ex
1127 3267 1176 3333 his
1200 3269 1301 3334 codex
1323 3269 1361 3333 K.
1386 3273 1522 3355 optimae

297 3383 391 3442 notae
407 3385 466 3461 est,
487 3379 675 3461 plerumque
692 3398 765 3442 oum
784 3376 1000 3441 Laurentiano
1024 3379 1223 3461 conspirans,
1248 3377 1388 3441 diversas
1413 3374 1521 3443 tamen

296 3477 448 3549 lectiones
475 3484 696 3548 memorabiles
726 3495 961 3566 'nonnunquam
993 3485 1156 3549 exhibens.
1203 3479 1312 3548 Codex
1335 3485 1384 3566 B,
1416 3485 1520 3550 bonae

296 3597 390 3655 notae
413 3591 507 3674 liber,
530 3585 748 3656 recensionem
764 3592 991 3656 Triclinianam
1009 3593 1196 3676 plerumque
1212 3593 1363 3673 sequitur.
1411 3591 1521 3655 Codex

205 3699 207 3704 ’
295 3700 327 3762 Τ.
351 3700 453 3781 ipsam
475 3689 620 3762 Triclinii
646 3700 864 3763 recensionem
888 3700 1025 3763 exhibet.
1072 3698 1196 3763 Codicis
1220 3698 1257 3761 Α.
1282 3699 1401 3782 (2712.)
1425 3699 1520 3764 colla-

297 3807 416 3870 tionem
435 3809 501 3889 jam
524 3808 559 3869 in
583 3797 775 3871 editionibus
798 3809 877 3872 meis
901 3806 982 3871 dedi.

385 3907 474 3978 Haec
498 3930 567 3978 mea
587 3915 782 3979 Adversaria
808 3917 835 3978 si
861 3916 978 3978 futuris
1005 3920 1115 3998 poetae
1140 3915 1320 3979 suavissimi
1343 3909 1521 3979 editoribus

297 4038 388 4106 opem
412 4019 550 4104 aliquam
574 4011 748 4105 conterant,
771 4022 889 4092 laboris
912 4022 976 4084 mei
999 4013 1064 4084 non
1087 4021 1273 4104 poenitebit.

386 4180 570 4249 Scribebam
593 4181 810 4270 Brigbtoniae,
833 4181 925 4248 Junii
949 4181 1000 4246 die
1025 4182 1075 4245 21.
1102 4182 1197 4247 1899.

777 4418 1042 4426 ⁵——
