3450 5250
296 405 360 474 206
834 427 983 476 muscus

296 589 481 672 acognatis
512 588 627 654 factam
659 587 852 674 significare,
890 587 946 654 sed
978 589 1043 654 vim
1071 588 1155 653 vitae
1184 607 1203 652 a
1231 589 1374 672 quolibet
1401 589 1521 654 illatam

296 679 346 742 vel
370 683 503 742 mortem
527 679 699 742 violentam
723 683 754 742 et
776 678 973 742 necessariae
997 677 1216 742 contrariam.”
1240 677 1346 760 (Seyf.)

387 767 480 831 1176.
503 766 573 833 Hos
596 767 676 831 duos
700 785 808 831 versus
831 767 1034 851 proscribunt
1054 766 1154 831 Jacob
1179 773 1211 831 et
1232 765 1330 831 Mein.

387 856 480 919 1177.
504 857 602 920 αὑτοῦ
629 856 668 921 Κ.
692 856 726 920 L.
750 857 848 920 αὑτοῦ
873 858 911 920 A.
989 854 1104 939 φόνου]
1128 856 1233 939 φόνωι
1257 857 1353 940 (supr.
1377 879 1416 920 ου
1440 877 1459 920 a
1481 876 1521 919 111.

295 947 351 1030 pr.)
375 946 408 1010 L.
442 945 536 1028 γόνος
563 947 644 1028 conj.
668 945 788 1028 Hera,
822 947 877 1028 qui
909 963 984 1009 cum
1016 943 1159 1009 Nauckio
1193 945 1385 1010 vocabulum
1417 946 1521 1030 φόνου

296 1036 335 1099 de
358 1036 538 1120 Antigonae
561 1035 717 1119 supplicio
740 1035 838 1100 nimis
861 1053 1008 1100 severum
1031 1053 1101 1100 esse
1125 1040 1277 1099 autumat

387 1125 480 1188 1178.
503 1125 622 1194 τοῦπος
645 1125 683 1187 A.
693 1123 732 1188 K.
800 1125 919 1206 ἤνυσας
942 1125 1010 1205 (sic)
1034 1123 1067 1187 L.
1090 1125 1205 1208 ᾔνεσας
1227 1124 1390 1189 Teurnier.
1405 1123 1522 1205 Hero.

295 1213 364 1278 coll.
382 1213 462 1278 Phil.
481 1214 575 1277 1366.
599 1211 747 1278 ὦόεινόν
762 1211 852 1279 αἶνον
867 1215 1000 1284 αἰνέσας.
1042 1212 1115 1298 Ipse
1132 1214 1356 1297 corrigendum
1378 1216 1523 1298 suspicor

316 1303 391 1368 ντδ
415 1304 480 1367 σόν.

294 1302 314 1387 ἦ
387 1392 480 1456 1179.
506 1391 564 1468 Qu.
588 1392 635 1462 ὡς
658 1390 717 1456 ὧδ’
741 1391 880 1475 ἐχόντων
902 1391 1004 1456 τῶνδε
1018 1391 1181 1476 βουλεύειν
1196 1391 1293 1473 πάρα.
1318 1391 1364 1456 01.
1381 1393 1430 1475 Aj.
1448 1391 1521 1455 281.

295 1482 342 1553 ὡς
364 1480 424 1547 ὧδ’
448 1482 587 1565 ἑχόντων
608 1481 704 1546 τῶνδ’
727 1482 913 1546 ἐπίστασθαί
926 1505 961 1546 σε
976 1483 1047 1565 χρή.
1073 1482 1145 1544 904.
1169 1481 1215 1552 ὡς
1238 1479 1305 1545 ὧδε
1319 1481 1407 1546 τοῦδ’
1431 1482 1520 1563 ἕχον-

294 1595 347 1642 τος
370 1571 488 1646 αἰάζειν
510 1572 607 1654 πάρα.
640 1570 703 1634 Sed
719 1573 768 1655 Aj.
787 1572 859 1636 981.
883 1571 930 1642 ὡς
953 1567 1012 1636 ὧδ’
1037 1571 1175 1654 ἐχόντων
1192 1608 1233 1617 -
1249 1571 1337 1652 πάρα
1358 1571 1521 1644 στενάζειν.

339 1659 433 1724 τᾶλλα
458 1658 495 1724 Κ.
518 1657 613 1724 τᾶλλα
630 1662 668 1724 A.
708 1658 765 1735 Qu.
789 1660 898 1725 τῶνδε.
938 1659 982 1724 01.
998 1661 1048 1742 Aj.
1066 1660 1138 1722 904.
1163 1659 1210 1730 ὡς
1232 1656 1299 1725 ὦδε
1321 1660 1407 1724 τοῦδ’
1431 1661 1521 1743 ἔχον-

294 1773 348 1821 τος
370 1750 489 1825 αλάζειν
511 1749 607 1833 πάρα.
690 1749 863 1835 βουλεύειν]
887 1749 1077 1834 συμβάλλειν
1100 1747 1221 1814 Weckl.

387 1840 480 1902 1180.
504 1837 663 1923 τάλαιναν]
688 1837 746 1914 Qu.
771 1840 962 1922 στείχουσαν,
988 1846 1043 1904 aut
1065 1844 1245 1921 χωροῦσαν,
1269 1844 1325 1903 aut
1346 1844 1521 1921 παροῦσαν.

387 1928 480 1991 1182.
504 1927 608 2013 πάρα]
636 1937 719 2012 περᾷ
742 1928 794 1992 Br.
819 1926 939 1992 Nauck.
963 1926 1048 2010 Seyf.
1087 1927 1133 1992 01.
1158 1928 1231 1992 386.
1264 1927 1314 1992 ὅδ’
1344 1928 1380 1992 ἐκ
1409 1928 1521 2012 δόμων

295 2018 442 2100 ἄψορρος
465 2019 508 2088 εἰς
529 2019 629 2101 μέσον
651 2025 743 2100 περᾷ.
767 2017 831 2082 OR.
849 2018 922 2080 531.
946 2016 995 2080 ὅδ’
1018 2016 1080 2100 ἤδη
1106 2016 1267 2100 δωμάτων
1290 2018 1354 2090 ἔξω
1377 2025 1467 2100 περᾷ.

386 2107 480 2170 1183.
504 2104 533 2171 ὦ
555 2108 669 2179 πάντες
691 2105 795 2190 ἀστοὶ]
820 2105 890 2170 Hoc
906 2108 962 2170 vix
981 2125 1095 2170 sanum
1111 2113 1210 2170 senat.
1278 2108 1419 2178 ὤνακτες
1434 2106 1522 2170 ἀστοὶ

294 2195 328 2260 F.
345 2195 508 2261 Schubert.
533 2197 676 2279 γέροντες
703 2195 791 2260 ἀστοὶ
813 2196 929 2260 Hense.
957 2195 1071 2277 ἅνδρες
1099 2195 1218 2278 γεραιοὶ
1239 2195 1272 2260 F.
1296 2195 1346 2259 W.
1370 2194 1521 2260 Schmidt.

295 2285 354 2362 Qu.
377 2286 503 2357 πόλεως
529 2287 674 2360 ἄνακτες,
706 2291 762 2350 aut
793 2283 822 2350 ὦ
850 2292 908 2369 γῆς
935 2286 1066 2356 ἄνακτες
1094 2282 1290 2367 100831),
1322 2291 1378 2349 aut
1400 2283 1522 2367 ὦνδρες

294 2373 428 2449 πολῖται,
452 2379 508 2439 aut
530 2377 640 2458 χώρας
654 2376 786 2446 ἄνακτες
810 2381 856 2458 tut
878 2378 911 2438 in
928 2374 992 2439 ΟΒ.
1010 2376 1107 2455 911),
1130 2380 1187 2438 aut
1208 2375 1348 2446 ὠνακτες
1363 2381 1431 2456 (aut
1445 2376 1520 2438 ἄνα-

294 2465 388 2546 κτες),
420 2465 515 2546 ὑμῶν
541 2469 606 2528 τῶν
629 2465 734 2547 λόγων
759 2501 814 2548 -,
849 2469 905 2528 aut
931 2461 1042 2548 Θήβης
1065 2465 1196 2534 ἄνακτες
1219 2464 1314 2546 (988).
1361 2462 1521 2547 Eurydice

294 2554 449 2637 primores
466 2554 605 2618 civitatis
622 2553 806 2637 alloquitur,
830 2555 887 2637 qui
907 2554 1038 2623 ἄνακτες
1057 2553 1257 2638 appellantur
1273 2553 1346 2616 988.
1374 2554 1521 2618 Herwer·

295 2643 357 2708 den
390 2663 516 2727 quoque
548 2644 744 2728 invulgata
773 2644 910 2708 lectione
943 2642 1082 2706 offendit.
1132 2641 1252 2706 Eadem
1287 2649 1392 2706 tamen
1425 2642 1522 2707 verba

294 2727 324 2797 ὦ
351 2733 464 2803 πάντες
491 2733 579 2796 ἀστοὶ
607 2733 756 2817 leguntur
778 2733 854 2796 Eur.
877 2731 944 2816 Iph.
967 2731 999 2794 T.
1026 2733 1120 2795 1422.
1163 2730 1206 2794 ef.
1230 2732 1306 2796 Eur.
1329 2732 1423 2796 Herc.
1449 2733 1521 2795 754.

295 2818 432 2885 ὦπᾶοα
455 2821 596 2906 Κάδμου
629 2822 708 2904 γαῖ’,
741 2821 920 2904 ἀπόλλυμαι
953 2821 1048 2904 δόλῳ.
1138 2827 1203 2886 τῶν
1226 2820 1331 2904 λόγων
1347 2819 1385 2886 Κ.
1409 2819 1443 2885 L.
1465 2828 1521 2885 τοῦ

293 2911 391 2993 λόγου
415 2911 443 2994 γ’
468 2912 505 2974 Α.
552 2912 666 2976 Potius
689 2917 757 2975 σῶν
779 2911 893 2993 λόγων.
1118 2915 1126 2936 ’

254 2998 256 3004 ’
385 3001 479 3064 1184.
504 2999 585 3084 πρὸς
608 3001 722 3075 ἔξοδον
745 3000 779 3065 L.
818 2999 877 3076 Qu.
901 2999 950 3064 ἔπ’
974 2999 1088 3083 ἐξόδῳ.
1128 3000 1172 3066 01.
1196 3001 1243 3064 El.
1271 3001 1365 3064 1322.
1394 3001 1440 3071 ὡς
1472 3001 1520 3064 ἐπ’

294 3089 399 3172 ἐξόδῳ
431 3089 521 3154 κλύω
542 3090 546 3173 )
566 3095 630 3154 τῶν
653 3091 787 3154 ἔνδοθεν
814 3095 1001 3173 χωροῦντες.
1048 3094 1115 3155 Aut
1141 3089 1206 3171 ἐγὼ
1223 3089 1336 3165 ’ξοδον
1359 3091 1521 3174 στείχουσα

290 3179 343 3260 (cf.
366 3180 416 3261 Aj.
442 3181 514 3243 287.
539 3179 672 3253 ἐξόδους
694 3181 799 3261 ἕρπειν
822 3180 923 3249 κενάς.
949 3180 1042 3258 290.)

386 3270 479 3332 1185.
504 3268 682 3353 εὐγμάτων]
716 3267 774 3344 Qu.
807 3269 966 3350 εὔγμασιν.
1013 3268 1090 3333 Post
1120 3270 1325 3352 προσήγορος
1359 3271 1426 3347 (aut
1453 3274 1523 3352 post

294 3357 563 3442 κάποπλήσσομαι
581 3359 687 3440 1189.)
710 3359 968 3442 interrogationis
984 3363 1059 3422 nota
1074 3357 1220 3441 ponenda
1236 3367 1291 3422 est
1317 3358 1361 3423 01.
1375 3359 1415 3423 ad
1428 3359 1521 3422 1183.

386 3448 479 3510 1186.
505 3471 539 3530 γε
562 3450 600 3512 A.
624 3447 662 3511 Κ.
686 3446 781 3511 Diod.
805 3471 837 3511 τε
860 3449 955 3532 (supr.
980 3467 1088 3529 γεω.
1106 3447 1163 3532 pr.)
1187 3446 1220 3510 L.
1245 3448 1280 3511 δὲ
1295 3445 1337 3509 Μ.
1405 3447 1521 3531 κλῇθρ’

294 3535 332 3602 Κ.
365 3533 486 3618 κλεῖόρ’
510 3538 547 3600 A.
576 3537 702 3620 κλήιόρ’
726 3537 768 3602 L.
827 3537 945 3601 Rectus
973 3542 1123 3601 accentus
1150 3542 1198 3600 cst
1225 3537 1437 3601 ἀνασπάστου.
1477 3537 1521 3602 Cf.

293 3624 412 3690 Herod.
435 3625 491 3689 IV.
516 3627 588 3691 204.
614 3632 670 3690 etc.
705 3626 813 3691 Valck.
838 3627 878 3690 ad
902 3623 972 3688 VII.
997 3627 1048 3689 80.
1081 3631 1113 3690 et
1144 3627 1182 3689 ad
1208 3627 1303 3690 Arist
1328 3626 1423 3711 Vesp.
1448 3627 1521 3690 382.

386 3805 479 3868 1188.
503 3805 608 3888 βάλλει
631 3807 670 3869 A.
694 3803 727 3868 L.
751 3805 843 3868 κάλοι
866 3803 904 3868 Κ.

386 3895 480 3957 1189.
505 3895 643 3977 δμωαισι
665 3898 704 3958 A.
729 3895 869 3976 δμώεσσι
892 3892 930 3956 Κ.
955 3894 1092 3976 δμώαῖσι
1116 3897 1210 3978 (supr.
1235 3917 1281 3968 eo,
1309 3898 1458 3959 accentus
1482 3894 1520 3959 ab

296 3983 336 4065 8.)
360 3984 393 4048 L.
461 3984 711 4067 uenenariorum
734 3981 772 4048 Κ,
795 4002 861 4048 non
885 3982 917 4046 L.
1022 4001 1024 4007 ⁴

386 4074 479 4136 1192.
503 4073 557 4137 καὶ
579 4072 694 4156 παρὼν
713 4072 795 4157 ἐρῶ]
820 4073 873 4136 καὶ
887 4078 1012 4156 τρανῶς
1027 4073 1094 4155 ἐρῶ
1110 4111 1151 4120 -
1169 4075 1248 4156 conj.
1264 4071 1298 4136 F.
1309 4069 1357 4136 W.
1370 4071 1521 4139 Schmidt.

192 4201 200 4217 ·
293 4161 347 4226 καὶ
375 4161 435 4245 γὰρ
460 4160 518 4227 οὗν
541 4163 620 4247 ἐρῶ,
649 4162 744 4227 οὐδὲν
771 4165 908 4247 παρήσω
937 4164 1016 4245 conj.
1040 4164 1136 4227 Mein.
1177 4161 1234 4238 Qu.
1259 4161 1407 4235 δέσποιν’,
1435 4165 1455 4226 ἃ
1480 4162 1519 4246 δή

294 4251 409 4335 παρὼν
432 4253 505 4334 ἐρῶ.

386 4343 479 4407 1193.
503 4343 645 4424 πορεύσω
669 4345 764 4426 (supr.
788 4343 808 4424 ή
833 4341 871 4405 ab
897 4339 937 4421 S.)
961 4340 995 4404 L.

386 4432 480 4494 1194.
505 4432 670 4515 ἐσύστερον
694 4433 731 4494 Α.
755 4430 793 4494 Κ.
817 4430 851 4494 L.
875 4432 918 4500 εἰς
941 4431 1072 4513 ὕστερον
1095 4429 1190 4494 Dind.

385 4521 479 4583 1195.
502 4522 522 4603 ἡ
547 4520 668 4603 ἀλήθει’
691 4522 729 4584 A.
753 4518 791 4582 Κ.
816 4518 848 4582 L.
