3476 5256
804 430 930 475 onuffos
952 429 1110 476 mannus

432 591 504 655 782.
528 590 660 674 θάτέρᾳ]
685 590 805 673 deripe
830 591 867 653 A'.
891 589 928 654 Β.
951 589 983 654 Τ.
1011 590 1046 653 δ’
1069 591 1176 673 ἡτέραι
1198 588 1232 653 L.

432 682 504 744 784.
528 679 618 763 ἦγον]
643 679 715 763 Leg.
740 679 833 762 εἶχον.

433 771 504 833 785.
527 771 643 833 κείνοιν
666 769 704 831 A.
727 769 759 832 Τ.
785 770 906 833 ’κείνοιν
929 769 965 833 Β.

433 859 505 923 786.
530 858 588 922 αἰεὶ
611 860 649 922 A.
673 858 709 921 B.

433 949 505 1012 787.
529 949 634 1030 λάθρα
658 949 696 1012 A.
720 946 756 1010 B.
780 948 908 1030 λάιθραι
932 949 1000 1028 (010)
1022 946 1055 1011 L.

432 1039 504 1101 788.
528 1036 676 1102 Πυθώδε
697 1038 729 1100 Τ.
753 1036 901 1101 Πυθῶδε
924 1038 962 1100 A.
987 1042 1017 1101 et
1040 1036 1075 1100 B.
1099 1057 1144 1121 pr.
1168 1039 1258 1117 (corr.
1275 1038 1323 1118 ώ).
1412 1036 1449 1120 μ’
1473 1037 1503 1121 ὁ]
1526 1061 1569 1119 με

340 1127 461 1191 Heims
485 1127 591 1191 Herw.

432 1217 504 1281 789.
529 1215 557 1280 δ’
583 1215 689 1300 ἄθλια]
715 1216 744 1279 δ’
768 1216 870 1279 (10110
895 1214 927 1278 L.
950 1237 996 1300 pr.
1020 1215 1157 1298 (duabus
1180 1216 1280 1280 literis
1303 1236 1371 1299 sup.
1396 1239 1425 1280 ω
1450 1217 1568 1296 erasis).

343 1305 414 1389 Leg.
440 1305 468 1369 δ’
492 1306 604 1387 ἀθλίῳ.
650 1303 692 1369 Et
714 1307 760 1370 sio
783 1306 889 1370 Horu.

401 1395 404 1399 ’
432 1395 503 1458 790.
527 1397 713 1478 προῦφηνεν
736 1393 854 1458 Wund.
877 1394 985 1459 Horw.
1087 1393 1236 1478 δύστηνα]
1267 1395 1421 1478 δύσφημα
1445 1394 1568 1459 Ηο11110.

341 1485 446 1548 Herw.
485 1484 753 1567 Το11.δύστ1ητο.

433 1575 504 1637 791.
528 1572 609 1656 χρεῖ’
633 1573 652 1656 ᾖ
677 1576 716 1636 A.
740 1574 776 1637 B.
799 1573 830 1636 Τ.
863 1580 935 1656 χρεῖ
954 1572 986 1657 ἧι
1010 1577 1030 1654 (ι
1055 1574 1105 1637 alt.
1130 1574 1219 1656 eras.)
1244 1572 1276 1636 L.
1391 1573 1568 1656 δηλώσαιμ’

342 1665 380 1726 A.
404 1663 440 1726 B.
465 1661 639 1746 δηλώσσιμ’
663 1664 741 1746 (sup.
766 1665 808 1742 αι)
830 1663 862 1726 Τ.

432 1754 504 1816 792.
528 1751 670 1836 ἄτλητον]
695 1753 808 1835 ἀραῖον
831 1755 911 1834 conj.
928 1751 960 1815 F.
976 1753 1027 1816 W.
1044 1751 1195 1817 Schmidt.
1287 1751 1473 1835 δηλώσοιμἼ
1499 1775 1567 1834 γεν-

340 1842 466 1925 νήσοιμ’
482 1843 514 1906 Τ.
531 1841 582 1904 W.
599 1841 750 1905 Schmidt.
789 1840 834 1905 Cf.
852 1841 913 1905 OC.
932 1843 1026 1905 1652.
1045 1842 1148 1905 δεινοῦ
1163 1865 1246 1912 τινος
1266 1841 1270 1924 Ι
1291 1841 1398 1924 φόβου
1414 1842 1569 1924 φανέντος

342 1931 412 1995 οὐδ’
436 1932 609 2014 ἀνυσχετοῦ
632 1931 765 2014 βλέπειν.

432 2021 503 2083 795.
526 2019 562 2083 τὸ
585 2020 707 2105 λοιπὸν]
731 2019 879 2083 τολσιπὸν
901 2019 935 2084 L.
1025 2021 1283 2103 τεκμαρσύμενος
1306 2019 1426 2084 Nauck.

432 2110 503 2172 796.
528 2109 681 2194 ὀψοίμην]
704 2110 744 2173 In
767 2110 864 2173 simili
887 2109 956 2173 loco
980 2109 1039 2192 (ir.
1065 2110 1149 2189 903.)
1174 2111 1309 2173 acrisius
1333 2115 1387 2174 001
1433 2110 1570 2193 Virgula

341 2201 436 2283 vulgo
461 2205 531 2282 post
554 2201 690 2281 ἔφευγον
712 2201 816 2283 posita
838 2199 975 2262 tollatur.
1225 2217 1226 2224 ¹

432 2308 504 2370 797.
532 2312 689 2389 χρησμῶν
711 2306 743 2369 Τ.
771 2311 927 2390 χρησμῶν
951 2306 979 2389 γ’
1003 2306 1042 2368 A.
1066 2306 1101 2368 B.
1193 2306 1297 2389 ὀνείδη
1320 2311 1385 2370 τῶν
1408 2306 1497 2388 ἐμῶν
1519 2330 1567 2370 τε-

340 2395 491 2480 λούμενα]
517 2395 574 2471 Qu.
599 2397 703 2479 ὀνείδη
731 2396 756 2466 ’ς
778 2396 851 2466 τοὺς
875 2396 973 2478 ἐμοὺς
995 2396 1175 2478 τελούμενα.

432 2504 503 2566 800.
528 2502 592 2566 Hic
615 2523 729 2567 versus
752 2504 787 2565 in
809 2505 953 2586 margine
977 2523 996 2566 a
1018 2523 1058 2566 m.
1082 2522 1143 2567 rec.
1172 2508 1220 2566 001
1246 2503 1282 2566 in
1304 2501 1337 2566 L.
1385 2502 1492 2579 Quum
1515 2503 1568 2565 hic

341 2612 452 2656 versus
476 2611 581 2675 neque
604 2613 623 2655 a
645 2593 777 2656 librario
800 2594 834 2655 in
856 2591 890 2655 L.
915 2597 1031 2667 exstet,
1054 2612 1159 2674 neque
1179 2598 1302 2676 postea,
1326 2597 1362 2656 ut
1385 2592 1440 2655 alii
1455 2611 1568 2656 versus

341 2684 478 2765 primum
502 2683 623 2764 omissi,
649 2683 831 2764 διορδωτοῦ
855 2702 954 2744 manu
973 2683 1110 2763 additus,
1133 2681 1318 2746 Dindorfius
1342 2682 1567 2765 interpolatum
1670 2749 1672 2756 ‚

341 2790 413 2834 eum
438 2790 505 2835 esse
529 2776 620 2855 putat
643 2772 681 2834 ab
706 2772 813 2854 aliquo
831 2773 886 2854 qui
902 2770 946 2834 ὅτ’
963 2771 982 2854 ᾖ
1001 2792 1075 2835 cum
1090 2771 1353 2854 praecedentibus
1369 2777 1567 2854 connectere,

341 2867 372 2924 01
394 2860 492 2924 verba
507 2859 670 2945 Sophoclis
695 2881 775 2944 quae
791 2862 960 2944 periissent
975 2861 1123 2944 supplere
1139 2861 1242 2924 vellet.
1280 2860 1385 2924 Etiam
1401 2859 1431 2923 N
1433 2861 1569 2925 auckius

340 2951 526 3014 recentioris
561 2953 632 3014 aevi
666 2950 919 3014 additamentum
952 2951 1026 3013 eum
1055 2969 1124 3014 esse
1153 2956 1267 3014 censet.
1314 2949 1473 3033 Equidem
1502 2970 1569 3013 nou

341 3040 432 3103 video
453 3060 550 3122 quare
574 3039 613 3102 ab
638 3039 791 3123 Sophocle
816 3039 1017 3120 abjudicetur
1040 3040 1093 3104 hic
1117 3059 1237 3103 versus.
1278 3039 1483 3103 conservatio
1500 3041 1568 3122 ejus

339 3129 468 3193 librario
493 3129 588 3192 alicui
612 3129 720 3192 deberi
743 3129 869 3191 videtur
893 3129 947 3211 qui
972 3149 1047 3193 eum
1070 3130 1103 3191 in
1119 3129 1180 3191 alio
1205 3129 1338 3211 antiquo
1355 3129 1463 3193 codice
1485 3129 1568 3192 alius

339 3219 491 3294 familiae,
519 3219 652 3281 fortasse
676 3237 712 3281 οο
736 3219 823 3282 unde
847 3218 979 3280 derivati
1004 3225 1079 3281 sunt
1102 3219 1227 3282 codices
1251 3218 1286 3281 B.
1309 3217 1342 3280 Τ.
1366 3217 1404 3279 V.
1429 3223 1496 3301 etc,
1520 3219 1568 3280 in-

340 3309 486 3371 venisset.
576 3308 633 3370 καί
654 3331 703 3371 σοι
726 3307 764 3370 A.
788 3307 819 3370 Τ.
843 3308 900 3370 καί
920 3306 948 3370 ο’
973 3311 1007 3388 (0.
1032 3309 1085 3387 οι),
1109 3306 1138 3371 ῶ
1162 3306 1197 3369 Β.

430 3415 502 3478 801.
527 3413 566 3497 ἦν
590 3435 662 3478 mss.
686 3414 706 3497 ἦ
730 3414 839 3477 11111101.
863 3414 959 3477 Dind.
983 3413 1089 3478 HerW.
1136 3415 1182 3478 01.
1199 3416 1294 3478 Arist.
1311 3416 1370 3477 AV.
1390 3415 1483 3478 1290.
1500 3415 1566 3497 ῶρ-

339 3505 545 3586 νιθομάνουν.
570 3507 618 3587 Aj.
646 3505 738 3567 1230.
764 3504 900 3586 σῖοτρηο’
925 3501 1071 3587 (ᾤστρηῶ
1094 3504 1201 3583 Ρο10.).

431 3594 504 3656 802.
528 3597 632 3677 κῆρυξ
654 3594 690 3656 Β.
714 3595 819 3677 κήρυξ
841 3596 880 3656 A.
905 3593 938 3656 L.

431 3683 504 3747 804.
529 3685 731 3766 ξυνηντίαζον
754 3684 790 3747 Β.
814 3706 880 3746 συν.
905 3685 943 3746 A.
1570 3757 1574 3766 Ι

430 3773 503 3835 808.
528 3775 607 3855 ὄχου
636 3774 674 3834 A.
699 3773 734 3835 B.
763 3772 862 3835 Linw.
892 3774 925 3853 (e
953 3773 1091 3854 curru).
1120 3774 1199 3855 ὄχον
1225 3773 1256 3835 Τ.
1281 3771 1444 3836 Sohubert.
1469 3772 1567 3854 ὄχους

339 3860 485 3925 Doederl.
509 3861 603 3925 Dind.
628 3862 734 3925 Herw.
772 3860 879 3927 Recte.
919 3861 963 3925 Of.
987 3861 1027 3924 ad
1044 3864 1116 3926 Ant.
1136 3864 1229 3924 1255.
1255 3861 1377 3943 δόμους
1399 3863 1565 3943 παραστεί-

339 3975 447 4034 χοντες
471 3952 772 4034 (ingredientes).
811 3951 949 4015 Versum
974 3951 1102 4014 damnat
1125 3951 1276 4015 Wunder.

430 4040 502 4102 809.
526 4042 625 4123 μέσον
648 4040 744 4125 κάρα]
770 4041 828 4117 Qu
851 4042 952 4122 μέσου
974 4039 977 4122 i
998 4041 1082 4121 κάρα
1109 4077 1163 4114 -,
1193 4044 1249 4103 aut
1271 4041 1410 4121 κέντροις
1434 4040 1571 4103 διπλοῖσί

339 4154 404 4211 μου
430 4129 455 4199 ’ς
478 4131 562 4212 κάρα
586 4131 745 4193 καθίκετο.

430 4237 502 4300 810.
526 4237 704 4322 συντόμως]
721 4238 880 4307 συντόνως
897 4235 992 4300 Dobr.
1009 4236 1115 4301 Herw.
1132 4238 1212 4319 conj.
1229 4238 1343 4320 Bergk.
1377 4237 1479 4300 01Τ1.
1492 4238 1567 4299 927.

340 4327 483 4408 συντόνῳ
506 4329 581 4410 χερί.

430 4434 503 4496 812.
527 4435 737 4498 ἑκκολίνδεται
761 4436 787 4515 (ε
811 4438 883 4497 ante
908 4434 927 4497 δ
951 4436 1040 4513 0100.)
1057 4432 1089 4497 L.
1129 4434 1213 4517 Ergo
1230 4434 1401 4497 ἐκκολίεται
1416 4433 1568 4498 librarius

341 4528 518 4609 scrtpturus
542 4529 616 4587 erat.
