3476 5256
321 454 362 517 86
782 474 907 520 ocurras
931 474 1081 520 coronans

321 637 368 698 est
388 634 564 716 praesentis
591 633 693 697 forma
720 634 867 716 εἰργάάει.
959 633 1064 698 οὐδενὶ
1089 634 1229 717 μοιριδία
1253 634 1284 697 Τ.
1315 634 1420 698 οὐὸενὶ
1447 641 1545 718 μοῖρα

321 723 372 787 ὸια
399 746 473 793 τισις
501 721 539 785 Κ.
572 721 677 786 αιἰὸενὶ
708 722 859 806 μοιραὸία
889 723 923 785 Β.
957 723 1065 787 οὐδενί
1088 748 1144 806 μοι
1172 723 1276 807 ῥαιὸία
1305 723 1338 787 L.
1362 744 1407 807 pr.
1442 724 1547 788 οὐδενὶ

318 812 429 895 μοίραι
452 811 503 875 διὸ
527 810 560 874 L.
584 831 662 876 corr.
687 813 795 877 οὸὸενί
814 836 870 894 μοι
893 812 986 896 ραὸία
1011 814 1049 877 A.

411 902 484 963 229.
508 898 556 965 ὧν
578 902 734 984 προπάὸῃ
750 903 789 965 Α.
806 901 840 965 Β.
856 901 895 965 Κ.
920 899 967 965 ὧν
987 903 1153 984 προπάιλοι
1172 904 1206 985 (s.
1223 903 1255 985 η)
1270 902 1302 965 Τ.
1326 905 1366 966 ἃν
1388 904 1544 986 προπάάῃ

319 990 437 1055 Wund.
453 991 657 1055 Herwerden.
673 991 760 1075 prob.
776 990 871 1054 Dind.
888 991 984 1054 Mein.
1006 991 1036 1074 (“
1043 991 1230 1056 Emendatio
1247 993 1316 1056 sine
1332 981 1565 1057 controversia'

319 1079 435 1157 vcra.'')

410 1170 482 1232 231.
506 1167 606 1252 ἑτέρα]
631 1170 731 1251 ἑτέραι
754 1168 788 1232 L.
832 1169 890 1245 Qu.
919 1169 1042 1242 ἀπάτας
1073 1171 1193 1253 ἑτέρας,
1226 1176 1282 1234 aut
1313 1171 1417 1254 ἀπάτᾳ
1445 1171 1545 1253 ἑτέρᾳ.

320 1261 388 1323 Aut
410 1259 470 1340 sic,
494 1258 610 1321 ἀπάται
633 1257 662 1321 δ’
686 1259 818 1328 ἀπάταις
841 1259 958 1341 ἑτέραις
981 1260 1081 1342 ἕτεραι
1096 1260 1376 1343 παραβαλλόμεναι
1394 1299 1432 1306 -
1451 1261 1543 1325 ἀντα-

319 1349 472 1413 πέὸιοκαν
495 1349 584 1430 ἔχειν.
679 1348 946 1431 παραβαλλομένη
971 1348 1005 1410 Β.
1038 1350 1240 1432 παραβαλλο-
1264 1351 1344 1432 μένα
1369 1349 1406 1413 Κ.
1439 1373 1543 1433 παρα-

318 1438 510 1521 βαλλομέναι
534 1435 601 1516 (sed
625 1455 714 1500 eraso
738 1437 759 1515 ι)
782 1436 815 1500 L.
906 1438 1072 1502 ἀντίὸαισιν
1096 1441 1192 1522 (supr.
1218 1439 1247 1502 ὸι
1271 1458 1289 1502 a
1312 1460 1353 1503 m.
1376 1440 1433 1523 pr.)
1456 1438 1490 1502 L.

410 1527 482 1589 233.
506 1523 580 1590 XO.
605 1525 643 1589 σὺ
668 1564 709 1571 -
734 1526 768 1589 Β.
859 1526 897 1590 σὸ
923 1527 957 1590 δὲ
979 1527 1011 1590 Τ.
1035 1526 1073 1590 σὺ
1099 1527 1128 1590 δ’
1153 1529 1188 1591 ἐκ
1212 1529 1250 1591 A.
1274 1528 1308 1592 B.
1332 1529 1370 1592 K.

410 1617 482 1678 234.
506 1613 592 1685 αὗτις
607 1615 641 1677 Β.
656 1615 690 1678 L.
706 1613 738 1676 Τ.
762 1614 857 1686 αὖθις
872 1619 906 1697 (S.
923 1616 949 1697 τ)
965 1614 1003 1679 Κ.
1027 1617 1137 1680 αὐτίκα
1153 1618 1185 1680 Τ.
1201 1617 1411 1682 Helbertsma.
1440 1617 1544 1681 Recte.

410 1706 483 1768 235.
507 1706 567 1787 πέρ
591 1706 659 1788 (pro
681 1706 775 1787 πέρα)
799 1705 836 1768 Κ.
943 1765 945 1772 ,

410 1795 598 1857 237-257.
627 1792 704 1856 “Ad
731 1795 789 1859 hos
817 1816 867 1858 vv.
896 1795 1064 1858 scholiasta
1093 1795 1269 1880 annotavit,
1301 1795 1337 1859 τὸ
1371 1802 1426 1878 τῆς
1448 1795 1544 1859 Ἄντι.

321 1883 417 1966 γόνης
439 1882 616 1965 πρόσωπον
639 1883 715 1947 ὅλον
737 1883 869 1948 καὶτοῦ
892 1890 994 1967 χοροῦ
1021 1884 1056 1947 τὸ
1079 1886 1274 1968 τετράστιχον
1303 1885 1466 1969 ἀβελισὸὲν
1494 1886 1544 1949 εὕ-

320 1997 428 2056 ρομεν.
467 1971 530 2035 Sed
553 1974 644 2056 cujus
672 1973 749 2037 haec
774 1975 881 2057 opinio
905 1980 936 2037 et
964 1992 1045 2055 quae
1072 1994 1168 2038 causa
1195 1975 1291 2039 fuerit
1312 1995 1377 2039 non
1400 1975 1545 2058 prodidit.

319 2063 432 2144 Itaque
456 2061 516 2125 hoc
539 2067 663 2125 tantum
686 2063 842 2144 conjicere
867 2063 954 2145 licet,
977 2064 1035 2125 hos
1058 2082 1182 2140 versus,
1206 2065 1241 2128 in
1264 2063 1381 2146 quibus
1404 2065 1483 2127 nihil
1499 2071 1547 2129 est

297 2174 300 2181 ·
320 2152 407 2234 quod
430 2170 494 2214 non
519 2151 557 2214 ab
582 2152 682 2215 veteri
705 2157 798 2234 poeta
814 2153 920 2216 Attico
944 2151 1040 2215 scribi
1054 2154 1206 2237 potuerit,
1229 2155 1263 2216 in
1280 2173 1343 2217 uno
1360 2155 1546 2237 pluribusve

320 2239 557 2324 exemplaribus
580 2260 645 2304 uon
668 2240 766 2304 lectos
789 2241 902 2321 fuisse,
932 2241 1016 2323 quod
1041 2261 1117 2305 casu
1139 2243 1191 2305 vel
1219 2243 1382 2307 histrionis
1410 2243 1545 2326 alicujus

320 2330 449 2394 arbitrio
477 2331 595 2393 factum
626 2348 695 2394 esse
722 2335 833 2413 potest.
885 2329 1032 2394 Ceterum
1060 2331 1229 2395 scholiasta
1261 2333 1329 2416 ipse
1362 2333 1544 2416 opinionem

319 2420 407 2483 illam
435 2418 551 2483 refutat
572 2419 739 2502 additque,
763 2419 858 2483 οὐδὲν
882 2419 916 2483 ol
940 2421 973 2484 έν
995 2426 1059 2490 τοῖς
1079 2420 1223 2503 hanepon
1244 2422 1365 2486 τούτων
1382 2422 1545 2504 ὀβελιαάὲν

320 2506 485 2592 εὕρομεν.”
508 2506 626 2589 (Dind.)
672 2508 854 2574 Meinelrius
877 2509 935 2573 hos
958 2529 1069 2574 versus
1092 2514 1129 2572 ut
1151 2529 1217 2573 non
1238 2513 1368 2574 omnino
1390 2509 1545 2595 Sophocle

320 2598 433 2682 dignos
455 2597 634 2680 proscribit,
657 2599 845 2681 praesertim
867 2620 918 2662 vv.
935 2601 1008 2662 244.
1030 2600 1102 2662 245.
1120 2601 1193 2663 250.
1232 2599 1364 2683 Spurius
1380 2621 1435 2665 eos
1450 2600 1546 2665 habet

320 2687 415 2751 etiam
438 2684 545 2750 Sobel.
650 2728 658 2747 .
1348 2697 1350 2705 ’

409 2777 482 2838 237.
506 2773 535 2839 ὦ
559 2776 642 2849 ξένοι
665 2795 739 2841 cum
762 2797 851 2861 prox.
875 2798 904 2839 v.
929 2779 1135 2859 conjunctum
1158 2778 1193 2840 in
1216 2777 1250 2841 L.

409 2866 482 2928 238.
507 2864 623 2948 γεραὸν
646 2865 745 2930 ἀλαὸν
767 2866 802 2928 B.
825 2866 864 2931 Κ.
893 2866 1009 2949 γεραὸν
1032 2868 1070 2929 A.
1108 2867 1197 2932 Inter·
1224 2867 1339 2951 γεραὸν
1367 2873 1398 2932 et
1425 2871 1544 2952 πατέρα

320 2974 403 3038 supr.
432 2953 531 3018 ἀλαὸν
558 2954 597 3018 ab
626 2955 655 3019 S.
684 2955 719 3017 in
746 2953 779 3017 L.
829 2954 944 3019 Forma
972 2956 1085 3039 γεραὸς
1112 2976 1271 3040 nusquam
1303 2957 1380 3022 alibi
1408 2960 1546 3022 occurrit

321 3044 406 3128 apud
429 3042 625 3127 Sophoclem.
672 3044 819 3108 Solennis
841 3045 944 3108 forma
971 3047 1056 3130 apud
1079 3047 1216 3130 tragicos
1245 3052 1293 3111 est
1321 3047 1453 3129 γεραιός.
1493 3046 1545 3112 Sic

321 3133 415 3197 1690.
438 3133 532 3216 πατρὶ
555 3141 680 3216 γεραιῷ.
705 3134 754 3216 Aj.
781 3134 875 3197 1393.
900 3141 1027 3217 γεραιοῦ
1052 3173 1092 3181 -
1117 3136 1244 3219 πατρός.
1267 3136 1343 3200 Eur.
1358 3137 1453 3220 Hipp.
1474 3138 1544 3201 l'il.

320 3223 429 3305 γεραιά
444 3224 566 3306 (athap).
590 3222 667 3286 Hes.
686 3224 735 3285 64.
759 3222 842 3286 Med.
861 3224 933 3286 133.
973 3222 1031 3299 Qu.
1056 3224 1183 3307 γεραιὸν
1206 3225 1284 3308 ἐμὸν
1307 3227 1426 3308 πατέρα
1450 3226 1544 3290 τόνδ’.

318 3312 386 3375 Aut
408 3311 534 3394 γεραιὸν
556 3311 664 3394 πατέρ’
687 3311 779 3394 ἀμόν.
817 3312 887 3376 Nisi
912 3314 1073 3396 genitivus
1096 3315 1312 3379 restituendus
1336 3319 1396 3398 est,
1419 3319 1451 3379 et
1474 3317 1544 3379 ἀνέ-

191 3420 195 3437 ·
318 3401 406 3464 ιλατε
439 3419 511 3464 cum
535 3400 659 3493 Ιἀΐοντες
687 3402 945 3489 construendum.
989 3403 1033 3468 Ut
1059 3411 1197 3467 metrum
1224 3405 1382 3470 incertum
1411 3410 1472 3488 est,
1500 3406 1546 3469 ita

319 3490 479 3554 correctio

409 3580 482 3642 239.
510 3579 570 3642 οὐκ
599 3579 751 3664 ἀνήλατ’]
780 3580 916 3644 ἀνέτλατ’
949 3587 1134 3666 corruptum
1166 3583 1246 3645 mihi
1277 3583 1413 3648 videtur.
1459 3585 1545 3649 Vera

321 3669 414 3733 lectio
442 3668 574 3733 fortasse
602 3674 649 3732 est
672 3669 732 3732 οὐκ
756 3670 911 3753 ἀνέχεοιλ’,
935 3676 991 3735 aut
1015 3671 1132 3754 οὐδάμ’
1156 3670 1260 3735 ἔτλατῖ
1307 3672 1351 3736 Of.
1375 3672 1422 3736 El.
1450 3675 1543 3738 1028.

319 3759 471 3841 ἀνέξομαι
499 3757 641 3822 κλύουσα
668 3760 775 3841 χῶταν
803 3759 837 3824 εὗ
865 3761 965 3844 λέγῃς.
994 3761 1050 3825 Ph.
1067 3762 1141 3824 411.
1164 3762 1257 3825 ταῦθ’
1281 3762 1369 3844 ὁρῶν
1397 3763 1544 3846 ἠνείχετο.

318 3847 463 3911 Verbum
479 3847 645 3930 ἀνατλῆναι
660 3868 819 3931 nusquam
836 3850 911 3914 ahbi
928 3852 1067 3914 occurrit
1089 3851 1173 3935 apud
1197 3849 1397 3935 Sophoclem,
1421 3858 1544 3917 tantum

319 3937 457 4020 simplex
478 3937 592 4019 τλῆναι.
896 4007 897 4013 χ

215 4041 217 4048 ’
320 4073 331 4102 ,
409 4026 482 4089 246.
506 4025 620 4110 αάὸάν]
645 4025 702 4104 Qu
727 4027 837 4111 ὀμφάν
861 4029 938 4109 (the
961 4029 1113 4112 repert).

409 4116 482 4178 243.
504 4115 608 4198 μόνον
633 4136 693 4180 om.
717 4117 751 4178 B.
774 4117 806 4180 l.
829 4124 885 4182 τοῦ
907 4118 1011 4200 μόνου
1027 4117 1065 4180 Κ.
1083 4119 1121 4182 Α.
1137 4117 1170 4181 L.
1194 4119 1316 4202 scripuli
1340 4121 1411 4202 (om.
1428 4119 1543 4203 μόνου)

317 4204 409 4267 Tricl.
499 4205 619 4288 πατρὸς
641 4205 721 4288 ὑπὲρ
744 4213 799 4270 τοῦ
825 4207 989 4290 ὸοομόροα
1012 4206 1107 4270 Mein.
1131 4207 1251 4291 πατρὸς
1274 4208 1355 4291 ὑπὲρ
1378 4215 1434 4272 τοῦ
1457 4232 1542 4291 παμ-

317 4293 423 4376 μόρου
440 4295 536 4376 (161.)
554 4294 674 4359 Weckl.
697 4294 817 4379 πατρὸς
840 4297 920 4379 ὑπὲρ
941 4295 1028 4360 τοῦδ’
1045 4297 1196 4380 ἀμμόροο
1212 4299 1293 4380 conj.
1309 4299 1331 4362 J
1332 4298 1401 4362 ebb.
1425 4298 1543 4380 πατρὸς

318 4382 399 4466 ὑπὲρ
422 4382 510 4447 τοῦὸ’
533 4384 647 4448 ἀθλίου
671 4383 799 4449 Mekler.
824 4386 892 4466 (sed
915 4386 952 4448 cl.
976 4387 1069 4465 246).

409 4474 481 4535 244.
505 4472 613 4537 Verba
635 4474 767 4556 ἀντομαι
791 4511 832 4520 -
857 4481 1054 4557 προφανεῖσα
1084 4480 1266 4559 suspectant
1294 4476 1389 4540 Mein.
1414 4476 1544 4560 Weckl,

318 4566 355 4626 ut
377 4562 471 4627 etiam
495 4563 559 4626 250
576 4581 622 4646 sq.
713 4564 773 4628 οάκ
802 4563 925 4650 ἀλαοῖς]
954 4566 993 4629 οὗ
1020 4565 1129 4638 καλοῖς
1152 4565 1186 4629 Β.
1210 4564 1249 4630 Κ.
1273 4565 1317 4632 Τ.
1338 4567 1419 4631 orlaa
1436 4565 1544 4639 ..λοῖς
