3458 5254
361 408 422 472 120
824 425 950 470 oaurrus
973 424 1122 470 concurris

359 605 416 670 per
443 587 556 650 eliam
585 585 730 668 explicat.
845 583 1006 654 διστάλους
1029 586 1067 646 Α.
1092 583 1129 646 K.
1154 582 1187 647 L.
1211 605 1256 667 pr.
1279 583 1311 646 Τ.
1345 584 1528 656 διαστόλους
1551 587 1585 650 Β.

359 674 392 740 L.
416 695 494 738 corr.

451 764 544 827 1056.
568 763 712 847 ἀδμῆτας
727 763 765 827 Κ.
783 763 815 826 L.
839 764 983 850 ἀδμήτας
1006 765 1040 828 Β.
1063 763 1094 826 Τ.
1186 761 1342 845 ἀδελφεὰς
1364 763 1403 827 A.
1427 763 1461 825 B.
1485 764 1523 827 K.
1548 764 1586 827 V.

359 854 431 917 Ald.
465 853 605 935 ἀδελφὰς
633 854 674 916 Μ.
698 854 729 917 Τ.
763 854 903 937 ἀδελφὰς
931 859 1030 938 (supr.
1058 879 1073 918 ε
1101 853 1140 916 ab
1165 851 1206 932 S.)
1230 850 1263 915 L.
1296 851 1453 935 ἀδελφεὰς
1481 857 1587 918 tuetur

360 942 482 1008 Seidler
505 943 545 1006 ad
567 941 643 1005 Eur.
668 943 714 1007 ul.
741 944 812 1005 134.
859 943 947 1020 Quae
970 945 1071 1008 forma
1087 943 1175 1024 epica
1199 961 1270 1004 rara
1285 948 1333 1006 est
1355 943 1390 1005 in
1404 942 1586 1026 Tragoedia.

450 1032 544 1096 1051.
574 1032 722 1115 αὐτάρκει
750 1031 784 1094 Β.
812 1032 843 1095 T.
882 1034 1023 1116 αι’νιάρκη
1053 1033 1091 1096 Κ.
1128 1032 1353 1113 πανταρκεῖίῗ)
1381 1033 1461 1114 conj.
1490 1031 1586 1096 Dind.

361 1123 511 1204 ἀπαρκεῖ
517 1122 554 1202 (l)
577 1123 657 1204 conj.
682 1122 777 1185 Mein.
816 1121 895 1186 Jure
912 1123 1059 1204 αὑτάρκει
1075 1126 1183 1185 tuetur
1198 1120 1403 1185 Herwerden.
1495 1122 1585 1204 ἐμμί-

359 1209 435 1294 ξειν]
468 1205 683 1276 Herwerden’
693 1213 766 1294 jure
800 1212 931 1275 verbum
970 1211 1091 1294 aliquid
1123 1210 1259 1292 requirit
1290 1208 1474 1293 significans
1506 1212 1585 1274 will

360 1319 505 1382 roseus,
531 1305 562 1365 et
585 1301 716 1374 ἑξέλξειν
739 1302 900 1383 proponit,
930 1301 1015 1384 quod
1039 1306 1145 1364 tamen
1169 1300 1226 1362 vix
1249 1298 1409 1363 satisfacit.
1448 1299 1506 1376 Ωιι.
1531 1301 1585 1364 ἀν-

360 1391 474 1454 σώσειν
498 1394 553 1452 eut
576 1390 735 1453 ἑκσώσειν.
775 1388 941 1456 Manifesto
965 1391 1116 1453 vitiosum
1140 1393 1188 1452 est
1212 1389 1359 1470 ἑμμίξειν.

451 1479 545 1542 1059.
568 1477 588 1560 ἦ
605 1478 639 1540 Β.
656 1476 694 1540 Κ.
711 1477 743 1541 L.
759 1479 790 1542 T.
868 1478 1056 1563 ἐφέσπερον]
1073 1477 1124 1561 ἐφ’
1141 1479 1275 1561 ἕσπερον
1290 1477 1323 1541 L.
1341 1499 1380 1541 m.
1397 1497 1458 1542 sec.
1490 1478 1587 1544 Scho-

360 1569 451 1632 liasta
478 1573 588 1650 χῶρον
616 1587 658 1631 ex
685 1568 949 1650 praecedentibus
976 1568 1110 1651 supplet.
1156 1568 1218 1629 Via
1246 1568 1286 1630 ad
1309 1567 1432 1631 laevam
1456 1588 1586 1632 manum

359 1658 474 1738 πέτρας
497 1657 632 1738 νιφάδος
655 1656 780 1720 dicitur.
820 1657 878 1734 Ωιι.
902 1657 922 1742 ἦ
945 1682 1008 1722 που
1027 1657 1051 1727 ’ς
1070 1656 1124 1721 τὸν
1142 1695 1196 1718 -.
1234 1658 1301 1719 Aut
1324 1658 1344 1739 ἤ
1367 1681 1431 1720 που
1454 1657 1490 1720 τὸ
1505 1658 1588 1739 πρὸς

360 1748 496 1828 ἑσπέραν
522 1783 575 1807 -.
614 1747 681 1809 Aut
712 1747 733 1828 ἥ
756 1770 820 1810 που
847 1747 914 1830 τάχ’
948 1747 998 1829 ἐφ’
1032 1747 1166 1829 ἕσπερον
1190 1783 1245 1808 -.
1284 1746 1351 1809 Aur
1383 1747 1403 1828 ἤ
1426 1770 1490 1810 που
1519 1747 1586 1830 τάχ’

361 1836 538 1918 έφεσπέρου
562 1837 679 1918 πέτρας
702 1873 757 1897 -.

452 1926 545 1989 1060.
570 1923 715 2007 νιφάδος]
732 1925 861 2007 λιχάδος
877 1926 957 2008 conj.
975 1924 1080 2007 Mein„
1096 1925 1165 1988 coll.
1182 1923 1322 2006 Hosyoh.
1334 1923 1449 2006 Λιχάς;
1467 1926 1587 2009 (πέτρα)

360 2014 532 2095 ἀπότομος.
557 2012 648 2077 Ovid.
673 2013 746 2077 Met.
769 2013 827 2077 IX.
846 2015 918 2077 226.
945 2013 1070 2078 ‘Lichas
1094 2015 1243 2097 scopulus
1267 2014 1372 2078 brevis
1396 2018 1462 2077 etc’
1487 2022 1519 2079 et
1538 2017 1587 2078 in-

361 2103 439 2166 sulis
472 2122 553 2185 quae
586 2101 767 2168 ‘Lichades'
805 2104 1045 2188 appellabantur
1081 2102 1196 2186 (Strub.
1221 2102 1244 2165 l.
1269 2123 1297 2186 p.
1320 2104 1370 2166 60.
1399 2107 1476 2184 etc).
1528 2103 1586 2179 Ωιι.

359 2192 505 2266 λίδακος,
530 2198 651 2274 stony.
698 2192 792 2256 Hom.
816 2191 873 2256 Od.
899 2194 1020 2273 5,415.
1048 2195 1093 2276 μή
1126 2193 1197 2262 πώς
1224 2191 1259 2274 μ’
1288 2193 1472 2275 ἐκβαίνοντα
1504 2194 1585 2277 βάλῃ

359 2282 466 2346 λίδακι
485 2282 555 2344 ποτὶ
577 2283 684 2365 πέτρῃ.
776 2306 822 2364 γρ.
846 2284 1016 2357 πελάζουσι
1040 2283 1078 2345 ab
1104 2281 1133 2344 S.
1157 2283 1190 2344 in
1213 2281 1248 2345 L.

453 2371 545 2433 1061.
571 2371 614 2435 Of.
639 2370 777 2453 Hesyoh.
806 2371 951 2442 Οἰάτιδος
975 2373 1010 2435 ἑκ
1033 2377 1146 2454 νομοῦ.
1170 2371 1344 2454 Σοφοκλῆς
1368 2371 1514 2435 Οἰδίποδι
1537 2373 1588 2435 ἐπὶ

360 2459 516 2542 Κολωνῷ.
539 2467 595 2543 τῆς
618 2464 687 2543 (γῆς
710 2461 816 2541 Mein.)
839 2463 1132 2544 προβαιευομένης,
1161 2461 1196 2523 ἑκ
1219 2461 1390 2544 νεμήσεως.
1420 2463 1451 2524 οῖ
1474 2461 1508 2525 δέ
1532 2461 1586 2524 ἀπ’

364 2548 442 2632 Οἴης
464 2556 520 2612 τοῦ
545 2549 664 2632 δήμου,
688 2556 811 2620 κακῶς·
837 2552 875 2614 οὐ
900 2550 960 2634 γὰρ
984 2550 1077 2633 ἐγγὺς
1092 2556 1196 2614 κεῖται.
1231 2551 1409 2614 Meinelrius
1425 2552 1460 2613 ἑκ
1484 2557 1586 2633 νομοῦ

360 2640 527 2721 antiquum
551 2639 707 2722 glossema
731 2641 769 2702 ad
791 2639 936 2709 Οἰάτιδος
952 2640 1146 2723 adscriptum
1163 2659 1232 2704 osse
1248 2644 1349 2723 putat,
1373 2647 1409 2704 ut
1431 2641 1466 2703 ἐκ
1490 2643 1585 2723 νεμή-

360 2751 441 2798 σεως
469 2729 505 2792 in
532 2727 686 2810 Hesychii
714 2730 825 2811 glossa.
881 2730 1025 2793 Fortasse
1053 2729 1247 2794 constructio
1276 2734 1323 2792 est
1350 2731 1370 2812 ἥ
1399 2767 1441 2775 -
1469 2730 1587 2793 πελῶσι

359 2818 476 2900 πέτρας
498 2818 633 2900 νιφάδος
661 2817 819 2892 Οἰάτιδος,
848 2823 868 2902 ἢ
892 2819 1004 2901 μόνοις
1026 2819 1179 2883 πώλοισιν
1203 2821 1222 2901 ἢ
1247 2823 1304 2882 etc.
1351 2820 1480 2882 Aut-
1511 2818 1585 2883 Οἷά-

359 2907 444 2977 τιδος
468 2907 615 2988 εὗνόμου.

452 2996 545 3059 1062.
570 2997 797 3079 ῥιμφαρμάιας
820 2997 854 3059 Β.
879 3016 945 3060 non
968 2996 1006 3059 K.
1029 2996 1060 3059 T.
1086 2997 1310 3080 ῥίμφαμάρτος
1337 2999 1366 3077 (o
1390 3017 1468 3061 corr.
1493 3018 1534 3063 ex
1556 2998 1587 3078 υ)

359 3086 392 3149 L.
416 3106 461 3169 pr.
501 3086 545 3149 cf.
571 3086 610 3148 ad
633 3087 730 3149 Arist.
755 3085 825 3149 Pac.
851 3088 925 3149 415.

452 3175 546 3238 1063.
571 3175 702 3256 ἁμίλλας
726 3176 759 3238 B.
783 3194 849 3239 non
873 3174 910 3238 K.
935 3174 967 3238 L.
992 3175 1023 3238 T.

451 3264 545 3326 1066.
574 3263 714 3347 Θησιδᾶν
738 3263 775 3327 Κ.
800 3264 833 3328 L.
924 3265 986 3328 Pro
1011 3263 1099 3347 άκμὰ
1124 3284 1176 3347 qu.
1199 3267 1296 3348 μάχα.

451 3353 544 3415 1069.
569 3352 648 3416 κατὰ
678 3355 880 3436 ἀμπυκτήρια
909 3356 1038 3437 φάλαρα
1066 3353 1197 3437 πώλων]
1231 3356 1350 3437 χαλῶσ’
1384 3356 1586 3438 ἀμπυκτήρια

360 3444 470 3506 Herm.
495 3441 623 3506 Mekler.
648 3444 730 3526 χαλᾷ
752 3443 777 3506 τ’
802 3444 880 3526 ἅμα.
904 3444 1000 3507 Mein.
1039 3443 1149 3526 Recte,
1174 3445 1293 3527 opinor.
1333 3445 1461 3527 φάλαρα
1481 3446 1588 3508 dolent

360 3532 468 3596 Herm.
493 3530 590 3595 Mein.
619 3531 821 3615 ἀμπυκτήρια
849 3532 975 3596 πωλικὰ
1000 3535 1030 3615 (i.
1047 3553 1073 3597 e.
1096 3534 1233 3616 πωλικὴ)
1257 3534 1365 3598 Herm.
1391 3533 1485 3597 Mein.
1528 3532 1586 3608 Ωιι.

360 3621 564 3704 ἀμπυκτήρια
589 3621 739 3703 δημοτῶν
763 3624 832 3704 (aut
854 3623 1006 3701 νεανιῶν).
1046 3625 1112 3686 Aut
1139 3625 1206 3685 κατ’
1236 3624 1438 3705 ἀμπυκτήρια
1466 3623 1587 3687 πώλων

360 3714 426 3790 (aut
449 3710 586 3791 πωλικὴ)
609 3711 753 3794 ἅμβασις.
794 3712 929 3775 Metrurn
955 3713 992 3794 (si
1008 3713 1128 3775 πώλων
1144 3711 1296 3794 legamus)
1321 3713 1405 3776 idem
1430 3719 1586 3794 astatque

360 3802 393 3862 iu
420 3800 513 3863 1049.
540 3800 634 3862 1056.
661 3801 755 3864 1064.
782 3801 875 3864 1071.
915 3800 959 3864 cf.
984 3801 1059 3864 Eur.
1084 3801 1191 3883 Suppl.
1210 3802 1281 3863 586,
1306 3803 1533 3884 μοναμπύκων
1556 3827 1587 3864 τε

360 3889 489 3972 φάλαρα
513 3890 675 3952 κινεῖσθαι.

453 3978 545 4042 1074.
569 3978 716 4060 έρδουσιν
743 3979 777 4042 B.
807 3977 844 4040 K.
868 3978 901 4042 L.
925 3980 956 4041 T.
990 3979 1113 4061 αίροῦσ’
1138 3979 1304 4044 Bucheler.
1339 3981 1462 4062 ὁρμῶσ’
1487 3980 1519 4043 F.
1536 3981 1585 4043 W.

360 4066 510 4130 Schmidt.
548 4068 675 4149 έρδουσ’
704 4070 723 4150 ἢ
751 4068 927 4150 μέλλουσιν,
956 4069 1002 4138 ὡς
1026 4068 1193 4132 Steinhurt.
1217 4069 1313 4133 Mein.
1352 4070 1498 4151 ἕρδουσιν
1532 4070 1586 4132 vix

360 4176 474 4220 sanum
502 4175 570 4220 esse
594 4162 703 4240 potest.
743 4157 800 4233 Ωιι.
825 4159 950 4239 ἔχουσιν
979 4163 1032 4220 aut
1060 4160 1211 4241 αἱροῦσιν.
1323 4160 1490 4241 μέλλουσιν
1513 4180 1586 4222 mss.

359 4246 506 4328 μέλλουσ’
530 4245 638 4311 Herm.
662 4246 756 4310 Dind.
796 4246 853 4322 Ωιι.
883 4250 902 4329 ἢ
931 4248 1077 4329 μέλλουσ’
1102 4249 1151 4310 ἔτι.
1192 4248 1237 4312 Of.
1263 4248 1318 4312 Ph.
1337 4249 1409 4311 561.
1433 4250 1480 4318 ὡς
1502 4247 1586 4311 ταῦτ’

360 4336 474 4399 ἐπίστω
500 4335 647 4418 δρώμεν’,
673 4337 711 4398 οὐ
734 4337 874 4418 μέλλοντ’
899 4338 948 4399 ἔτι.
976 4339 1069 4399 1256.
1093 4336 1140 4399 Tr.
1167 4339 1216 4399 75.
1241 4340 1314 4400 Ant.
1340 4339 1412 4400 939.

454 4426 545 4488 1075.
570 4424 627 4500 Ωιι.
652 4426 698 4495 ὡς
721 4427 903 4507 προμνᾶταί
929 4427 965 4507 γέ
993 4433 1060 4508 (pro
1083 4426 1119 4506 rr)
1146 4451 1202 4509 μοι
1226 4429 1295 4507 (aut
1322 4429 1428 4510 potius
1456 4427 1484 4509 γ’
1509 4427 1586 4510 ἐμὰ)

361 4515 482 4597 γνώμα.
522 4512 566 4578 Of.
594 4515 686 4577 1086.
711 4513 774 4578 OR.
802 4515 895 4579 1086.
936 4517 1002 4578 Aut
1024 4516 1071 4586 ὥς
1092 4540 1149 4598 μοι
1170 4519 1354 4599 μαντεύεται
1374 4517 1378 4601 l
1399 4519 1512 4599 γνώμα
1531 4556 1586 4579 -.
