3476 5256
700 435 826 480 omnus
848 437 1007 481 eruturus
1427 421 1469 482 69

334 596 427 658 1409.
450 597 471 657 ἃ
494 595 577 677 μηδὲ
602 595 682 676 ὁρᾶν
705 593 816 678 καλὸν]
845 593 919 678 Lag.
943 597 963 658 ἃ
986 596 1064 678 μηδ’
1093 597 1173 678 ὁρᾶν
1200 597 1307 660 καλόν.
1355 598 1397 661 nt
1419 598 1468 662 sic

242 684 364 748 Nauck.
387 686 408 746 ἃ
430 686 476 767 μή
503 685 558 747 ’στι
581 685 662 766 δρᾶν
684 684 783 748 καλὸν
806 685 912 748 Hervv.

332 773 426 836 1410.
449 797 513 836 που
537 774 575 836 A.
585 773 664 837 Β.Τ.
686 798 742 837 ποι
766 773 896 855 Burges.
913 773 1008 837 Mein.
1032 775 1104 857 (del.
1122 776 1228 852 1411.)
1245 774 1352 839 Herw.
1393 777 1468 840 For·
1544 817 1547 822 ·

241 869 324 927 tasse
347 868 440 927 recto.
465 869 523 945 γῆς
546 862 667 926 Nauck.

332 952 415 1014 1411
433 971 479 1034 sq.
502 952 660 1033 natdpaz'
681 991 723 998 —
742 951 902 1036 ἕκρίψατῚ
935 953 1079 1036 ε’κρίψατ’
1103 991 1145 1000 -
1169 954 1326 1036 καλύψατ’
1353 955 1467 1019 Heath.

240 1041 373 1124 Burges.
397 1040 518 1105 Nauck.
542 1040 637 1104 Mein.
660 1040 767 1105 Herw.

331 1131 425 1193 1411.
448 1129 605 1212 καλύψατ’
622 1131 706 1213 vulg.
745 1129 805 1207 Qu.
820 1131 967 1212 κομίζετ’,
991 1132 1239 1214 11111ἕκπέμψατ’
1268 1171 1323 1194 -.
1348 1132 1468 1199 Meine-

240 1221 313 1283 kius
350 1225 451 1282 totum
488 1240 616 1284 versum
650 1225 809 1303 suspectat
835 1239 901 1282 non
929 1221 1025 1285 modo
1052 1227 1180 1305 propter
1202 1223 1379 1304 antipate,
1412 1224 1468 1286 sed

240 1314 369 1392 propter
392 1328 429 1372 ea
452 1329 534 1392 quae
558 1315 749 1392 sequuntur,
774 1308 942 1392 φονεύσαθ
965 1316 1035 1393 etc,
1059 1330 1142 1392 quae
1158 1309 1272 1394 Oedipi
1294 1317 1369 1376 voto
1392 1333 1468 1376 con-

241 1399 338 1462 traria
360 1404 449 1480 sunt,
473 1400 530 1480 qui
553 1418 619 1462 non
640 1403 775 1464 mortem
798 1399 854 1462 sed
877 1399 1013 1463 exilium
1033 1405 1119 1482 optat
1133 1401 1242 1481 (1340.
1261 1401 1354 1463 1436.
1374 1403 1467 1465 1451.

242 1488 357 1568 loia).
395 1487 564 1552 Praeterea
585 1489 621 1550 in
644 1507 682 1552 eo
706 1487 837 1552 offendit
864 1490 950 1570 quod
977 1490 1006 1552 is
1030 1490 1086 1570 qui
1109 1490 1144 1552 in
1167 1491 1297 1572 regione
1320 1490 1468 1555 mediter-

239 1596 336 1640 ranea
362 1583 509 1641 versatur
535 1582 646 1640 votum
673 1579 825 1660 exprimit
851 1583 888 1640 ut
914 1579 948 1640 in
976 1598 1063 1642 mare
1096 1581 1290 1663 conjiciatur.
1329 1580 1468 1644 Versum

240 1672 422 1748 suspectum
447 1666 542 1731 habet
565 1668 660 1730 etiam
675 1667 880 1731 Herwerden.
917 1667 1075 1731 Heathius
1094 1669 1236 1750 ἐκρίνατ’
1253 1706 1296 1714 -
1311 1670 1468 1751 κσλύψατ’

241 1757 432 1838 transponit,
455 1756 512 1819 sed
534 1755 655 1820 locutio
671 1757 845 1820 θαλάσσιον
860 1757 1027 1821 καλύπτειν
1044 1758 1195 1822 inusitata
1211 1764 1271 1840 est,
1294 1759 1483 1823 θαλάσσιον·

241 1846 395 1927 ἐκρίπτειν
417 1851 523 1908 autem
546 1847 669 1910 usitata
708 1846 847 1929 Vulgata
869 1847 926 1908 vix
947 1866 1024 1910 vera
1047 1865 1116 1911 esse
1139 1853 1249 1931 potest.

334 1935 427 1997 1412.
451 1935 530 1998 ἔνθα
553 1936 670 2018 μήποτ’
694 1935 857 2017 εἷσόψεσθ
885 1933 942 2018 ἔτι]
975 1937 1055 1999 ἔνθα
1086 1936 1122 2018 μ’
1154 1937 1330 1999 οὔποτ’-
1353 1937 1468 2021 Naber,

243 2025 334 2088 male.
373 2023 420 2087 of.
438 2024 510 2087 796.
528 2025 623 2087 1419.
641 2025 735 2087 1437.
759 2026 809 2107 Aj.
827 2026 900 2088 659.
923 2024 971 2088 El.
988 2026 1061 2088 380.
1077 2025 1152 2088 436.
1174 2026 1222 2088 Tr.
1239 2026 1312 2089 800.
1351 2027 1470 2090 Contra

240 2119 327 2177 reolo
349 2114 466 2196 legitur
488 2113 603 2178 Aesoh.
627 2114 732 2178 Prom.
757 2116 808 2177 21.
831 2113 870 2177 ἵν’
898 2116 970 2178 οὔτε
998 2115 1113 2198 φωνὴν
1141 2117 1224 2178 οὔτε
1251 2139 1307 2178 του
1334 2117 1467 2199 μορφὴν

239 2204 366 2286 βροτῶν
386 2202 391 2286 Ι
411 2205 494 2285 ὄψει·

330 2293 424 2354 1413.
448 2293 549 2374 θιγεῖν
571 2293 609 2354 A.
633 2291 669 2355 B.
692 2292 724 2354 T.

330 2383 425 2444 1414.
447 2383 599 2445 πείθεσθε
621 2380 655 2444 L
679 2403 719 2445 m.
743 2386 805 2445 ant.
828 2382 915 2466 prob.
938 2381 1030 2446 Kvic.
1054 2383 1222 2446 aetornum
1244 2383 1278 2446 L.
1301 2405 1347 2467 pr.
1370 2385 1397 2466 (ε
1412 2385 1467 2447 ad-

244 2471 309 2534 dito
333 2472 368 2534 in
390 2474 500 2553 marg.)
523 2472 659 2535 πίθεσθε
682 2471 792 2536 Elmsl.
816 2470 911 2534 Dind.
951 2472 996 2536 Ot.
1020 2473 1060 2534 ad
1082 2473 1130 2535 ΕΙ.
1157 2474 1252 2535 1015.

331 2562 425 2623 1415.
448 2560 526 2624 Post
548 2561 577 2624 h.
600 2581 630 2622 v.
653 2561 813 2644 Bergkius
837 2562 1069 2644 transposuerit
1093 2563 1328 2625 1424-1431.
1372 2563 1467 2628 Prae·

241 2655 328 2714 terea
350 2669 424 2712 cum
446 2648 592 2713 Nauckio
617 2650 698 2713 duos
721 2651 818 2714 Ohori
841 2669 952 2714 versus
975 2651 1109 2733 periisse
1133 2650 1311 2714 arbitratur.

330 2740 423 2801 1410.
447 2737 496 2802 ὧν
518 2739 667 2823 ἕτταιτεῖς]
691 2738 764 2823 Leg.
787 2739 844 2822 ἅμ’
868 2741 1008 2810 ἐπαιτεῖς.
1099 2741 1131 2810 ἒς
1154 2739 1240 2823 θέον]
1269 2743 1312 2810 εἷς
1336 2742 1409 2805 ὂέον
1433 2741 1466 2804 L

238 2829 271 2898 ἐς
293 2829 393 2891 καλὸν
415 2830 496 2910 conj.
512 2827 681 2892 Wecklein
703 2851 732 2913 p.
750 2831 783 2911 5,
806 2828 876 2893 coll.
895 2831 944 2894 78.
984 2828 1212 2892 0111111392.
1236 2830 1284 2893 ὅδ’
1301 2832 1336 2893 εἰι
1354 2831 1467 2913 δόμων

238 2918 763 3091 αψορ11ς211ςιο10191111ἐιωε1
787 3006 882 3071 orna.
905 3007 1012 3072 norw.

330 3097 423 3159 1422.
448 3098 508 3179 οὐχ
530 3098 569 3159 A.
594 3097 629 3159 B.
657 3097 732 3160 οὔθ’
755 3098 786 3160 Τ.
816 3098 876 3180 οὐχ
898 3097 932 3160 L
960 3118 1001 3160 m.
1024 3117 1085 3161 rec.
1113 3099 1148 3160 in
1176 3119 1273 3181 marg.
1298 3099 1337 3161 οὐ
1365 3098 1467 3178 (litera

238 3192 309 3268 post
336 3210 355 3248 o
383 3185 495 3266 deleta)
518 3206 564 3268 pr.
602 3186 714 3249 Malim
737 3187 812 3250 οὔθ’
837 3225 879 3233 —-
904 3185 986 3250 οὔθ’.
1025 3188 1071 3251 of.
1096 3189 1144 3270 Aj.
1169 3188 1243 3250 428.
1267 3188 1332 3251 οὔτ’
1356 3187 1414 3250 οὗν
1437 3189 1466 3251 σ’

239 3265 396 3356 ἀπείρῷειν
418 3275 493 3338 οὔθ’
517 3276 608 3345 ὅπως
631 3276 675 3338 ἒῶ
698 3276 797 3358 λέγειν
817 3278 821 3358 Ι
842 3278 916 3358 ἔχω.
952 3274 1014 3339 00.
1032 3278 1105 3339 939.
1129 3276 1193 3358 ἐγὼ
1218 3277 1283 3340 οὔτ’
1307 3278 1467 3358 ἄνανδρον

237 3365 331 3450 τήνδε
352 3364 409 3446 τὴν
423 3365 515 3427 πόλιν
536 3365 647 3446 λέγων,
669 3365 673 3445 Ι
695 3403 736 3411 -
754 3367 819 3428 οὔτ’
835 3366 975 3448 ἄβουλον
990 3372 1048 3429 eto.
1075 3366 1168 3429 1130.
1185 3367 1251 3429 οὔτ’
1268 3405 1310 3412 --
1326 3366 1392 3428 οὔτ’
1409 3404 1465 3428 -.

238 3455 312 3516 451.
338 3455 433 3516 1141.
473 3452 531 3530 Qu
560 3459 616 3516 aut
641 3451 707 3517 οὔτ’
735 3454 921 3536 ἒγγελαστὴς
948 3492 1003 3515 —-.
1046 3455 1136 3535 (Eur.
1160 3454 1255 3538 Hipp.
1282 3456 1376 3518 1000.
1405 3457 1465 3519 οὐκ

238 3543 423 3625 ἕγγελαστὴς
448 3549 513 3606 τῶν
540 3544 756 3625 ὁμιλούντων.)
788 3545 862 3607 οὔθ’
886 3545 933 3614 ὡς
965 3545 1013 3607 bis
1037 3543 1123 3608 Suid.
1147 3545 1234 3628 prob.
1258 3544 1402 3627 Louting.
1426 3545 1466 3608 ad

238 3633 390 3697 Androm.
415 3635 488 3694 557.
526 3631 671 3697 Fortasse
694 3639 787 3696 recte.

330 3722 562 3784 1423-1431.
594 3721 760 3785 Nauckius
796 3723 856 3784 hos
893 3740 1005 3785 versus
1040 3728 1112 3805 post
1146 3725 1240 3785 1415.
1277 3725 1466 3806 transponit,

240 3810 362 3894 Oedipo
386 3830 440 3874 eos
463 3813 637 3894 assignans.
676 3811 736 3875 Oui
760 3811 977 3874 distributioni
1001 3811 1156 3875 obnititur
1177 3812 1366 3876 Meinekius.

329 3902 424 3963 1423.
448 3900 525 3964 Post
552 3901 581 3963 h.
605 3921 635 3963 v.
669 3900 814 3964 Oreontis
847 3903 1003 3965 sermonis
1035 3907 1158 3983 partem
1190 3901 1349 3965 excidisse
1377 3907 1467 3984 putat

237 3989 449 4071 Herwerden,
477 3991 512 4052 in
536 4010 599 4071 qua
622 3989 763 4053 Chorum
787 3990 962 4073 culpaverit
985 3990 1070 4071 quod
1095 3988 1252 4073 Oedipum
1279 4011 1322 4054 ex
1349 3991 1465 4073 palatio

237 4081 325 4162 regio
349 4080 457 4162 egredi
481 4080 620 4161 sivisset,
634 4081 822 4162 praesentia
844 4099 902 4142 sua
925 4079 1106 4142 mortalium
1130 4079 1240 4143 oculos
1261 4081 1465 4162 polluentem.

236 4166 363 4232 Deinde
387 4167 491 4232 Creon
513 4171 628 4252 pergit,
652 4169 719 4231 ἀλλ’
742 4171 771 4232 εἰ
790 4168 827 4231 τὰ
851 4169 980 4252 θνητῶν
1003 4173 1062 4232 etc.
1101 4168 1213 4251 Itaque
1242 4169 1388 4231 lacunam
1416 4171 1465 4231 in-

238 4258 328 4321 dicat
376 4257 497 4321 Ultima
518 4259 622 4341 portio
646 4258 742 4340 hujus
764 4258 901 4338 fabulae,
925 4264 961 4321 ut
984 4256 1098 4340 Oedipi
1118 4258 1250 4322 Gelonei
1266 4259 1465 4341 aliarumque

237 4349 431 4431 tragicorum
445 4347 635 4430 fabularum,
645 4348 762 4411 multas
778 4347 972 4430 corruptelas
988 4353 1021 4410 et
1035 4348 1294 4431 interpolationes
1309 4367 1401 4431 passa
1410 4353 1464 4410 est.

328 4438 424 4499 1424.
450 4437 496 4519 μὴ
525 4437 767 4520 καταισχύνεσθ’
791 4436 848 4521 ἔτι]
883 4434 941 4512 Qu.
973 4436 1076 4518 μηδὲν
1107 4437 1288 4519 αἰσχύνεσθ’
1321 4439 1376 4509 ἔτι,
1410 4442 1466 4500 aut

237 4525 346 4608 μηκέτ’
369 4526 558 4608 αἰσχύνεσθὲ
579 4550 614 4588 τι.
