3458 5254
332 353 396 416 200
872 370 1020 416 innocua

342 553 346 562 ·
422 531 516 596 1063.
532 521 587 602 Ιὡς
601 530 647 616 μῆ
666 528 864 615 ’μττολῆσαιν]
889 527 947 604 Qu.
963 529 1009 612 μῆ
1029 527 1257 613 ’ξεμττολῆσαιν
1293 527 1337 591 cf.
1355 528 1465 612 Agam.
1483 528 1558 591 932.

332 622 464 708 γνώμην
486 620 546 704 μὲν
569 621 634 684 ἴσθι
656 621 702 705 μῆ
728 619 950 702 διαφθεροῦντ’
975 619 1039 701 ἐμέ.

423 711 516 788 1064.
539 709 659 781 πολλὰς
681 713 777 793 (supr.
800 707 839 772 οὺ
863 728 882 771 a
904 728 945 772 m.
968 708 1024 791 pr.)
1047 705 1081 770 L

378 813 379 818 ’
423 800 516 863 1065.
539 799 675 882 τροχοὺς
698 818 770 862 mss.
802 798 937 880 τράχους
959 797 1024 861 Erf.
1049 794 1143 860 Dind.
1168 794 1251 879 Scyf.
1294 795 1318 860 Ι.
1340 815 1366 860 e.
1391 815 1558 860 courseS.

375 889 510 973 τρόχους
526 925 568 934 -
584 887 693 972 τελῶν]
718 886 776 964 Qu.
799 888 931 971 βλέψων
948 925 989 934 -
1004 887 1147 970 τρόχους.
1221 887 1311 969 ῆλίου
1334 884 1444 969 τελῶν]
1468 886 1558 968 ῆλιον

332 978 426 1043 τελεῖν
449 978 705 1042 Winclrelmann.
743 977 848 1041 Recte.
947 979 949 986 '

423 1068 518 1131 1066.
542 1065 638 1137 αάτδς
662 1069 699 1130 A.
722 1066 756 1130 L.
780 1067 886 1130 αὐτῶν
910 1064 948 1128 Κ.

423 1156 517 1221 1068.
540 1157 650 1240 βαλὼν
674 1158 711 1218 A.
734 1156 858 1239 βάλλειν
882 1157 976 1239 (supr.
993 1178 1021 1218 o)
1039 1173 1057 1217 a
1073 1173 1113 1217 m.
1129 1155 1186 1237 pr.)
1202 1153 1235 1218 1.
1263 1153 1390 1236 βάλλων
1405 1151 1444 1218 Κ.
1460 1172 1558 1237 marg.

424 1245 517 1310 1069.
540 1245 720 1328 κατῴκισας
747 1247 786 1309 Α.
809 1243 847 1308 Κ.
871 1244 904 1307 L.
932 1244 1112 1314 κατοικίσας
1128 1243 1269 1326 Seyffert
1293 1242 1498 1308 Herwerden.
1529 1248 1560 1306 et

333 1340 405 1419 (om.
428 1337 465 1417 τ’)
489 1334 580 1399 Both.
605 1334 698 1399 Schn.
743 1333 827 1418 Lege
848 1333 852 1417 1
871 1334 981 1416 ψυχὴν
1004 1333 1124 1415 ἀτίμως
1148 1333 1174 1395 τ’
1198 1334 1231 1396 ἐν
1253 1333 1348 1415 τάφῳ
1371 1332 1558 1402 κατοικίσας.

333 1427 375 1490 ct
396 1425 443 1489 sic
465 1423 586 1488 Nauck.
626 1423 788 1507 oppositio
813 1429 861 1487 est
888 1425 972 1486 inter
998 1427 1062 1486 τῶν
1085 1423 1154 1498 ἀνω
1178 1422 1286 1504 (θεῶν)
1310 1421 1419 1504 φυχῆν
1442 1426 1473 1485 et
1495 1427 1559 1484 τῶν

334 1514 482 1579 κάτωθεν
504 1514 593 1578 θεῶν
616 1515 718 1578 νέκυν.
764 1513 832 1576 Aut
853 1517 917 1576 τῶν
940 1513 1009 1576 ἄνω
1025 1512 1113 1575 θεῶν
1128 1512 1216 1575 κάτω
1238 1510 1241 1594 1
1261 1511 1371 1594 φυχῆν
1387 1511 1558 1592 ἀτίμως-

333 1603 520 1673 κατοικίσας.
564 1601 697 1666 additio
722 1602 855 1685 genitivi
878 1602 966 1665 θεῶν
996 1603 1175 1665 necessaria
1198 1601 1332 1664 videtur.
1382 1599 1475 1664 Θεῶν
1496 1599 1561 1663 for-.

334 1699 416 1757 tasse
448 1711 490 1756 ex
522 1693 708 1776 glossemate
741 1692 882 1774 irrepsit,
909 1692 997 1755 uduo
1025 1691 1114 1754 θεῶν
1142 1695 1249 1756 autem
1276 1690 1368 1754 facile
1395 1690 1432 1752 in
1454 1689 1559 1752 κάτω-

333 1783 392 1846 θεν
415 1782 550 1860 transire
574 1781 683 1865 potuit.

343 1903 344 1957 3
380 1869 383 1874 ’
426 1871 520 1935 1070.
545 1868 603 1945 Qu.
628 1869 707 1953 ἔχεις
731 1870 765 1934 δὲ
788 1875 852 1934 τῶν
875 1870 963 1934 κάτω
989 1869 1093 1933 ’νθάδ’
1116 1866 1157 1932 αὗ
1173 1870 1262 1933 θεῶν
1277 1874 1380 1951 ταφῆς
1400 1866 1404 1950 1
1425 1868 1561 1951 ἄμοιρον

335 1963 400 2040 (aut
421 1957 532 2043 βαλὼν
557 1957 561 2041 1
586 1959 753 2041 ἄκλαυτον)
777 1998 818 2006 -
843 1960 945 2023 νέκυν.
991 1958 1059 2022 Aut
1086 1960 1165 2040 ἔχεις
1193 1957 1227 2021 δὲ
1255 1963 1319 2021 τῶν
1342 1957 1430 2021 κάτω
1456 1957 1560 2021 ’νθάδ’

334 2048 375 2114 αὗ
407 2050 496 2113 θεῶν
528 2049 622 2113 νέκυν
647 2049 651 2132 1
676 2055 779 2132 ταφῆς
811 2049 955 2130 ἄμοιρον,
988 2047 1176 2130 ἀκτέριστον,
1209 2047 1345 2110 ἀνόσιον.
1391 2047 1459 2110 Aut
1481 2048 1562 2128 έχεις

335 2139 371 2203 δὲ
393 2143 458 2202 τῶν
480 2139 568 2202 κάτω
593 2138 644 2220 (gl.
669 2139 768 2217 θεῶν)
791 2137 845 2201 τιν’
869 2136 980 2201 ἐνθάδ’
997 2135 1038 2200 οὗ
1061 2143 1164 2220 ταφῆς
1184 2135 1188 2219 1
1209 2137 1352 2218 ἄμοιρον.
1391 2137 1459 2199 Aut
1481 2137 1562 2217 ἔχεις

336 2223 370 2291 δὲ
385 2231 449 2291 τῶν
465 2229 552 2292 κάτω
571 2227 673 2290 ’νθάδ’
690 2225 731 2290 αὗ
748 2228 835 2291 θεῶν
850 2233 953 2309 ταφῆς
968 2228 1112 2309 ἄμοιρον,
1129 2227 1317 2308 ἀκτέριστον,
1334 2225 1470 2314 ἀνάσιον.
1493 2228 1563 2290 Aut

335 2319 414 2400 ἔχεις
439 2317 473 2380 δὲ
488 2321 552 2380 τῶν
567 2317 715 2380 κάτωθεν
731 2317 783 2399 (sc.
799 2315 900 2397 θεῶν)
916 2315 1026 2380 ἐνθάδ’
1043 2314 1083 2379 αὖ
1099 2322 1202 2398 ταφῆς
1222 2315 1226 2396 1
1247 2316 1383 2397 ἄμοιρον
1401 2352 1442 2360 -
1458 2315 1561 2378 νέκυν.

336 2405 503 2470 Genitivns
527 2406 642 2487 aliquis
666 2407 831 2470 manifesto
855 2409 925 2489 post
947 2407 1083 2488 ἄμοιρον
1110 2405 1284 2486 requiritur
1316 2405 1365 2484 (ci.
1388 2405 1440 2486 Aj.
1466 2403 1560 2466 1327.

336 2497 375 2560 οὔ
399 2495 475 2579 φησ’
500 2495 601 2559 έάσειν
624 2495 715 2559 τόνδε
737 2495 792 2558 τὸν
814 2494 928 2577 νεκρὸν
943 2501 1046 2578 ταφῆς
1066 2494 1070 2577 Ι
1091 2495 1247 2576 ἄμοιρον.)
1313 2498 1378 2558 τῶν
1401 2492 1561 2576 κατώθεν]

336 2584 393 2668 Qu.
421 2590 485 2648 τῶν
512 2585 600 2647 κάτω
632 2584 695 2647 τιν’.
740 2585 784 2648 cf.
811 2586 860 2648 75.
893 2584 1009 2648 πλείων
1041 2584 1157 2667 χρόνος
1176 2587 1181 2666 Ι
1202 2585 1240 2646 ὃν
1273 2584 1322 2647 δεῖ
1349 2583 1385 2665 μ’
1418 2583 1562 2665 ἀρέσκειν

335 2670 398 2744 τοῖς
420 2675 509 2738 κάτα)
532 2679 596 2736 τῶν
619 2674 744 2736 ἐνθάδε.
772 2674 864 2736 1072.
880 2680 944 2744 τοῖς
959 2675 1028 2737 ἄνω
1044 2675 1171 2737 θεοῖσιν.
1218 2671 1281 2736 Sed
1304 2673 1352 2736 El.
1371 2673 1466 2735 1058.
1488 2670 1562 2742 τοὺς

335 2764 463 2827 ἄνωθεν
487 2801 528 2808 -
553 2760 697 2833 οἰωνούς.

428 2852 522 2914 1071.
546 2852 684 2936 ἀνόσιον]
710 2847 907 2935 Suspectum.

306 3002 308 3008 .
341 2955 344 2964 '
427 2943 521 3005 1075.
545 2941 664 3024 ἐρινύες
687 2941 741 3005 Ia?
765 2942 902 3023 ἕριννύες
926 2944 967 3005 Α.
987 2941 1025 3005 Κ.

429 3031 522 3094 1077.
547 3031 693 3113 ἄθρησον
716 3033 754 3093 A.
778 3031 811 3094 L.
835 3031 990 3113 ἄθροισον
1014 3030 1052 3094 Κ.
1114 3045 1117 3050 ’

428 3121 522 3183 1078.
546 3126 642 3202 φονεῖ
672 3122 708 3183 Α.
736 3119 774 3182 Κ.
803 3118 836 3182 L.
870 3119 1004 3202 Seyffert
1037 3125 1068 3184 et
1099 3118 1229 3203 Madvig
1253 3078 1347 3203 1τριβὴ
1382 3119 1561 3202 subjectum

336 3208 426 3274 verbi
449 3215 545 3291 φανεῖ
565 3228 633 3272 esse
658 3211 836 3292 opinantur.
875 3209 957 3273 Fort.
981 3215 1122 3291 φανεῖται
1146 3207 1183 3272 δ’.

428 3300 521 3361 1079.
547 3304 706 3380 γυναικῶν
729 3305 795 3369 σοῖς
824 3298 951 3382 δόμοις]
982 3297 1040 3373 Qu.
1069 3304 1228 3381 γυναικῶν
1255 3298 1281 3359 τ’
1309 3299 1342 3362 ἒν
1371 3298 1483 3381 δόμοις
1507 3335 1562 3360 -.

337 3387 534 3471 Praepositio
563 3406 687 3470 semper
713 3388 779 3452 iere
808 3393 881 3452 ante
906 3388 1017 3470 δόμοις
1040 3387 1178 3451 additur:
1208 3388 1245 3452 ei.
1270 3387 1309 3451 ad
1332 3388 1379 3451 Tr.
1405 3388 1478 3450 205.
1517 3387 1561 3452 01.

337 3483 444 3541 tamen
467 3477 563 3540 Arist.
585 3475 664 3540 Ran.
691 3478 762 3540 156.
1127 3541 1130 3547 ,

429 3566 664 3630 1080-1083.
688 3565 756 3630 Hos
779 3587 829 3628 vv.
853 3566 1055 3650 proscribunt
1076 3565 1194 3630 Wund.
1218 3565 1313 3630 Dind.
1335 3565 1429 3630 Mein.
1453 3565 1562 3630 Jacob.

337 3654 445 3719 “Num
468 3656 501 3717 hi
526 3675 635 3719 versus
664 3675 704 3720 ex
733 3656 795 3719 alia
826 3656 933 3719 fabula
966 3655 1130 3739 Sophoclis
1158 3657 1277 3739 sumpti
1305 3655 1384 3740 sint,
1410 3655 1499 3720 velut
1520 3675 1563 3720 ex

338 3745 506 3828 Epigonis,
541 3745 575 3807 in
608 3744 725 3826 quibus
763 3746 1080 3809 accommodatiorem
1116 3745 1221 3809 locum
1261 3745 1376 3810 habere
1408 3750 1562 3829 poterant

338 3853 417 3915 num
443 3833 592 3918 Iophonti
626 3836 746 3898 auctori
775 3834 951 3899 debeantur
979 3835 1035 3897 vix
1064 3834 1201 3899 discerni
1229 3840 1337 3917 potest.
1384 3835 1496 3899 Latere
1528 3836 1562 3897 in

338 3924 378 3986 iis
401 3923 509 3987 neseio
534 3924 610 4005 quid
635 3926 791 4008 suspicor3
820 3924 970 3987 videntur
997 3925 1083 3988 enim
1106 3924 1228 4008 aliquid
1252 3925 1306 3987 iiio
1331 3925 1399 4008 ipso
1423 3930 1562 4007 tempore
1696 3913 1697 3926 ¹

337 4013 469 4090 factum,
498 4014 582 4096 quod
610 4033 668 4077 nos
690 4014 785 4097 fugit,
813 4014 908 4077 tacite
931 4014 1110 4098 significare
1138 4019 1170 4077 et
1197 4034 1270 4077 oum
1299 4013 1432 4078 consilio
1456 4032 1561 4098 repre·
1696 4057 1697 4088 ι

338 4103 499 4166 hendendi
520 4103 599 4166 illud
624 4104 874 4185 vindicandique
902 4105 1068 4186 compositi
1096 4122 1172 4166 esse.
1219 4104 1289 4166 Hoc
1317 4103 1447 4187 quidem
1470 4108 1563 4186 atque
1696 4101 1697 4110 ‘

337 4193 442 4275 ipsum
471 4191 596 4256 dicendi
629 4213 730 4277 genus
758 4193 905 4276 Iophonti
932 4193 1072 4256 fabulam
1100 4194 1282 4257 retractanti
1308 4193 1400 4256 facile
1429 4193 1563 4276 imputa-

337 4282 450 4345 veris.”
475 4282 618 4364 (Weckl.)
664 4281 862 4346 Herwerden
885 4301 939 4346 eos
961 4288 1033 4364 post
1059 4281 1150 4344 1022.
1175 4283 1410 4365 transposuerit.

429 4371 523 4434 1080.
547 4371 650 4453 ἔχθρᾳ
684 4371 821 4450 (Reisk.)
850 4372 885 4434 δέ
921 4376 998 4433 πᾶσι
1031 4371 1295 4451 συνταράσσονται
1327 4370 1463 4451 Madvig.
1505 4369 1563 4445 Qu.
1696 4381 1697 4384 ’

339 4460 442 4541 έχθρφ
475 4459 510 4523 δὲ
541 4465 636 4522 πᾶσιν
668 4461 921 4542 ἕχχαράσσσνται.
1013 4459 1294 4546 συνταράσσονται]
1319 4461 1563 4542 συνταράξοντοι
